2175 2931
376 215 435 257 90

376 328 461 364 rat3
496 316 598 368 (non
629 329 681 354 ex
713 311 842 362 albis,
874 323 917 352 ut
947 312 1220 365 Bussenius
1251 319 1464 359 autumat,
1507 308 1646 350 variae
1689 320 1731 350 et
1773 309 1914 365 nigrae
1961 311 2061 352 oriri

376 391 643 449 potuissent).
701 389 885 444 Nigrae,
927 387 1171 444 praesertim
1204 386 1482 435 macilentae,
1525 402 1603 427 ova
1634 402 1756 442 saepe
1797 387 1963 428 sordide
1995 390 2061 428 fla„

377 467 565 509 vescenti
594 467 662 506 vel
692 466 850 521 pallida
880 475 985 504 testa
1023 463 1223 504 instructa
1267 462 1460 519 pariunt,
1503 463 1575 503 sed
1616 462 1857 518 pinguiores
1900 464 2060 515 factae,

376 543 601 584 albissima.
660 545 896 582 Nascuntur
926 552 968 580 et
996 540 1106 580 inter
1139 539 1311 580 rusticas
1339 540 1686 595 pentadactylae,
1719 538 1854 593 digito
1884 539 2061 594 postico,

375 620 444 661 vel
478 619 595 676 apice
625 630 786 659 tantum
816 616 945 657 bifido
976 617 1044 657 vel
1074 631 1203 671 usque
1235 617 1286 656 ad
1316 615 1535 655 articulum
1569 613 1757 670 duplici,
1788 630 1902 656 ramo
1931 616 2065 658 altero

377 696 507 737 etiam
537 711 659 752 saepe
689 705 852 751 praeter
881 708 1063 748 unguem
1092 692 1358 733 biarticulato
1376 723 1386 740 ,
1418 690 1504 731 imo
1534 690 1826 731 triarticulato.

512 774 699 813 Varietas
728 774 768 817 [ὃ.
799 781 960 810 tantum
990 769 1035 809 in
1064 768 1233 808 urbibus
1264 767 1437 816 colitur,
1469 778 1511 806 et
1542 782 1669 821 quum
1699 768 1795 808 albo
1825 778 1984 822 guttata
2000 778 2063 809 est

374 847 515 890 Rossis
546 848 855 904 Serebruenajsz,
882 861 977 886 cum
1007 846 1121 885 luteo
1151 855 1335 897 guttata,
1368 844 1551 899 Solol‘aja
1582 845 1734 884 Kuriza
1772 847 1989 898 (argentea
2020 855 2063 884 et

373 928 513 978 aurea)
545 922 748 978 appellari
778 922 896 962 solet.
973 921 1123 961 Rarior
1152 919 1252 960 huic
1283 918 1416 959 affinis
1451 918 1654 967 varietas,
1700 934 1824 974 quarn
1863 920 2063 959 Hambur-

372 1015 542 1055 gensem
573 997 901 1053 Ornithotrophi
935 997 1047 1051 angli
1090 996 1329 1052 appellant,
1372 1006 1460 1036 tota
1503 1006 1616 1045 atra,
1662 994 1785 1034 crista
1825 996 2064 1051 plumarum

370 1075 554 1117 maxima
585 1076 703 1124 alba,
735 1073 847 1114 haud
879 1075 1105 1119 barbatae,
1147 1072 1408 1127 pedibusque
1451 1071 1598 1120 nudis,
1641 1069 1751 1110 inter
1789 1085 1933 1112 omnes
1964 1088 2062 1113 cura

370 1152 551 1193 humana
581 1151 805 1205 productas
836 1147 1057 1189 varietates
1090 1163 1156 1188 me
1185 1147 1324 1201 judice
1353 1146 1652 1202 pulcherrima.
1693 1170 1749 1178 —
1789 1147 1947 1188 Minori
1975 1164 2062 1203 gra-

370 1229 425 1269 du
456 1227 647 1268 cristatae
666 1257 676 1275 ,
707 1225 794 1265 imo
824 1235 865 1265 et
893 1225 1094 1265 barbatae
1113 1256 1124 1274 ,
1156 1223 1362 1279 hybridae
1392 1238 1445 1264 ex
1475 1222 1685 1279 prioribus
1717 1224 1787 1264 vel
1816 1239 1912 1265 casu
1940 1237 2062 1268 natae

372 1303 481 1344 inter
510 1302 699 1355 vulgares
728 1300 933 1355 plurimae
963 1311 1226 1354 generantur.

510 1379 697 1418 Varietas
730 1392 769 1424 γ.
801 1375 952 1431 partim
981 1390 1003 1415 e
1034 1374 1186 1415 Gilano
1216 1373 1378 1414 Persiae
1409 1388 1484 1430 per
1512 1373 1860 1426 Astrachaniam,
1905 1378 2060 1433 partim

371 1471 425 1497 ex
454 1451 654 1495 Anatolia
683 1451 826 1501 illata,
859 1450 1047 1492 omnium
1078 1449 1287 1499 maxima,
1331 1450 1391 1490 ita
1434 1462 1479 1491 ut
1508 1452 1720 1507 perfectae
1759 1452 2060 1507 magnitudinis

371 1531 514 1573 Gallus
545 1545 567 1570 e
596 1528 738 1569 tabula
767 1538 876 1567 stans
907 1527 1047 1568 cibum
1090 1542 1237 1582 capere
1284 1527 1370 1567 fere
1413 1527 1558 1582 possit.
1632 1527 1768 1569 Crista
1812 1543 1961 1570 carnea
1991 1529 2060 1572 his

369 1607 545 1662 exigua,
576 1606 662 1645 fere
692 1615 737 1644 ut
768 1602 1033 1659 Caponibus,
1080 1602 1198 1658 quasi
1228 1613 1410 1652 resecta,
1454 1602 1612 1643 collum
1663 1615 1878 1655 erectum,
1929 1608 2059 1662 pedes

370 1682 535 1738 magni,
566 1679 755 1737 proceri,
787 1677 1099 1726 robustixsimi3
1143 1679 1259 1719 color
1294 1679 1542 1734 plerumque
1586 1680 1638 1719 ad
1669 1679 1834 1735 nigrum
1862 1683 2053 1734 tendens,

369 1758 492 1801 fulvis
522 1757 676 1814 plumis
706 1755 866 1805 varius,
897 1754 1142 1811 praesertim
1169 1754 1278 1810 jubis
1308 1754 1526 1810 gallorum.
1585 1755 1811 1811 Paucipara
1841 1756 1945 1798 haec
1968 1774 2058 1815 spe-

368 1834 480 1882 cies,
522 1833 622 1876 alias
651 1848 726 1889 pro
767 1831 923 1888 patinis
965 1830 1146 1886 egregia,
1220 1830 1331 1871 Pulli
1372 1845 1500 1884 quum
1542 1830 1783 1884 lanuginem
1821 1845 2054 1886 exuerunt,

370 1910 443 1951 diu
472 1911 558 1950 fere
589 1908 692 1950 nudi
721 1907 949 1958 incedunt,
1008 1906 1162 1961 plumis
1192 1907 1308 1947 tarde
1340 1906 1681 1961 erumpentibus,
1724 1918 1766 1947 et
1805 1909 2056 1962 magnitudi-

367 2002 420 2029 ne
451 1987 655 2026 femorum
673 2016 683 2034 ,
715 1984 846 2024 etiam
876 1983 921 2023 in
951 1981 1168 2038 hybridis‚
1201 1981 1325 2022 facile
1357 1993 1654 2037 agnoscuntur:
1685 1983 1827 2025 Rossis
1849 1986 2055 2029 thanskie

366 2063 444 2105 vel.
464 2062 715 2102 Anoclolslzie
746 2062 860 2100 Kuri.

504 2139 692 2179 Variezas
722 2133 751 2176 ὃ.
782 2138 846 2175 Ex
877 2133 1031 2191 Anglia
1060 2134 1306 2191 praesertim
1336 2135 1573 2193 importata,
1606 2137 1832 2178 admodum
1847 2138 2054 2180 foecunda

367 2224 410 2255 et
438 2214 594 2270 sapida,
626 2214 760 2253 bonae
791 2211 927 2261 molis,
960 2223 1234 2253 monstrosam
1262 2213 1637 2254 conformationem
1657 2213 1818 2269 optime
1833 2226 2048 2270 propagat.

484 2291 691 2334 ,Varietas
720 2312 748 2332 ε.
778 2286 1081 2328 Astrachaniae
1111 2303 1134 2327 e
1165 2289 1326 2338 Persia,
1358 2289 1403 2329 in
1434 2289 1585 2330 Sibiria
1617 2306 1638 2330 a
1668 2289 1797 2339 Sinis,
1838 2289 2051 2345 Pctropoli

365 2379 419 2407 ex
448 2365 601 2419 Anglia
629 2365 866 2421 importata,
898 2363 1162 2420 nigredinem
1186 2363 1305 2413 cutis,
1337 2364 1500 2414 cristae,
1533 2365 1752 2421 menyngPS
1771 2398 1780 2415 ,
1810 2364 2047 2421 peritonaei

341 2451 409 2497 „et
434 2439 627 2497 periostii
656 2440 742 2493 diu,
774 2439 904 2483 etiam
934 2439 979 2482 in
1007 2440 1208 2496 hybrzdis,
1240 2439 1343 2482 licet
1371 2440 1511 2482 alieno
1542 2440 1664 2483 Gallo
1677 2441 1798 2493 natis,
1829 2452 2044 2497 propagat,
