2175 2931
369 201 456 228 210
1126 200 1276 226 --.““““..-““-

366 303 530 351 nullus;
560 302 724 344 indoles
752 302 865 343 mitis
886 333 895 351 ,
929 314 1066 355 neque
1096 299 1140 341 in
1170 315 1327 356 pugnas
1355 315 1495 357 prona,
1529 300 1610 343 nisi
1640 302 1683 342 in
1714 314 1820 343 statu
1851 303 2047 344 domesti-

368 393 446 429 co,
491 379 563 419 ubi
594 390 765 434 angusto
796 376 930 433 spatio
959 391 1091 417 mares
1120 376 1273 417 inclusi
1315 378 1466 433 plures.
1507 405 1561 410 —
1602 382 1843 420 Anatomice
1881 381 2051 420 tandem

368 455 625 496 conveniunt
655 452 972 509 Hydrophilae,
1016 456 1237 496 ventriculo
1281 465 1323 494 et
1364 454 1550 509 ingluvie
1593 470 1665 496 seu
1700 453 1939 510 oesophago
1969 471 2049 495 am-

364 530 577 585 plissimo,
611 534 798 570 intestino
830 529 996 586 amplo,
1039 533 1168 571 coecis
1210 531 1369 572 duobus
1413 530 1645 586 insignibus
1687 530 1918 579 instructo,
1962 541 2052 572 cute

364 619 496 646 crassa
515 637 525 655 ‚
557 606 857 662 pinguissima,
888 610 1016 646 cranii
1045 616 1088 646 et
1117 606 1265 647 cerebri
1295 606 1582 661 magnitudine
1613 608 1745 648 multo
1782 607 1889 649 infra
1918 610 2052 663 Rapa-

361 696 455 734 ces,
488 683 693 734 Oscines,
726 686 939 732 Passeres,
972 693 1015 723 et
1043 696 1186 723 omnes
1217 682 1305 723 fere
1336 682 1476 723 avium
1505 682 1700 725 familias.

938 914 1038 965 LII.
1104 912 1469 966 CYGNI.

497 1149 774 1204 Platyrostrcs
816 1147 1034 1205 aquaticae
1073 1148 1364 1205 palmipedes,
1407 1159 1540 1190 rostro
1582 1147 1777 1189 dentibus
1822 1145 2051 1187 lamellosis

360 1236 516 1266 serrato
546 1225 798 1275 instructae,
841 1223 965 1264 simul
1008 1241 1102 1266 cum
1133 1227 1288 1279 Mergis
1330 1225 1563 1265 naturalem
1592 1224 1765 1280 quidem
1803 1221 2052 1263 subdivisio·

358 1315 457 1340 nem
487 1300 847 1357 Hydrophilarum
877 1301 1162 1348 constituunt,
1203 1302 1277 1341 sed
1306 1301 1351 1341 in
1382 1317 1509 1341 unum
1539 1315 1668 1356 genus
1697 1314 1781 1340 non
1811 1300 1919 1339 bene
1949 1312 2050 1338 con·

357 1379 594 1430 junguntur.
652 1376 812 1417 Nescio
842 1376 944 1432 quid
974 1389 1176 1433 repugnat
1205 1378 1334 1417 etiam
1363 1377 1527 1431 ignaro,
1573 1376 1608 1416 si
1639 1378 1833 1431 Cygnum
1861 1379 2045 1415 Anatem

359 1451 556 1508 generico
585 1451 757 1492 nomine
787 1452 1086 1507 appellaveris,
1137 1454 1205 1493 vel
1236 1453 1564 1509 Querquedulam
1592 1454 1798 1492 Anserem
1837 1449 2050 1505 cognomi-

357 1543 457 1569 nare
488 1527 607 1567 velis.
665 1526 801 1581 Magis
830 1530 1015 1567 Naturae
1047 1539 1089 1568 et
1120 1528 1275 1568 rationi
1304 1540 1629 1568 consentaneum
1657 1527 1882 1577 videbitur,
1914 1525 1949 1567 si
1978 1541 2046 1566 na-

355 1604 509 1644 turales
539 1603 702 1659 generis
730 1602 853 1658 hujus
882 1602 1128 1659 partitiones
1158 1615 1320 1644 secutus
1341 1636 1351 1654 ,
1396 1603 1568 1645 nomina
1610 1601 1743 1644 cuivis
1782 1601 1914 1643 tribui
1945 1601 2049 1642 anti—

355 1693 463 1733 qua,
506 1678 809 1720 consuetudine
853 1679 1011 1719 sancita
1054 1681 1309 1731 servaveris,
1370 1679 1572 1736 quicquid
1603 1678 1775 1721 servilia
1804 1678 1974 1735 ingenia
2001 1677 2047 1718 in

355 1757 448 1811 lege
478 1754 699 1806 methodi,
732 1770 858 1811 quem
887 1771 991 1796 unus
1021 1755 1151 1797 homo
1181 1756 1398 1806 condidit,
1429 1755 1649 1797 haesitent.

492 1833 659 1886 Cygni,
687 1833 886 1881 Anseres,
916 1833 1096 1882 Anates,
1128 1834 1262 1888 Mergi
1292 1831 1548 1873 conveniunt
1577 1831 1749 1887 quidem
1779 1846 1845 1872 ore
1887 1843 1930 1872 et
1973 1835 2045 1872 Zin-

347 1924 434 1964 gua
466 1908 656 1959 serratis,
700 1909 870 1964 pedibus
915 1907 1135 1964 palmatis,
1179 1907 1311 1963 magis
1352 1907 1541 1948 minusve
1585 1919 1809 1948 retrorsum
1847 1907 2047 1957 remotis,

351 1983 535 2040 corporis
565 1989 719 2025 circum
747 2000 917 2025 caesura
947 1995 988 2024 et
1019 1983 1161 2024 habitu
1194 1982 1328 2023 cuivis
1357 1982 1508 2033 obvio,
1541 1988 1774 2040 plumagine
1805 1983 1933 2024 densa
1962 1983 2045 2024 ela-

351 2061 478 2110 stica,
510 2060 642 2100 multa
671 2060 867 2115 lanugine
897 2060 1056 2106 farcta,
1099 2060 1360 2115 moribusque
1393 2072 1434 2100 et
1464 2070 1553 2101 toto
1591 2059 1703 2100 vitae
1733 2074 1902 2115 genere.
1971 2063 2044 2102 Est

349 2148 489 2177 tamen
518 2136 563 2176 in
592 2150 737 2176 eorum
766 2141 932 2186 rostris,
964 2137 1102 2190 quoad
1132 2137 1302 2192 figuram
1330 2135 1604 2192 praesertim,
1640 2135 1881 2187 diversitas,
1912 2148 1974 2178 est
1998 2136 2044 2177 in

349 2213 503 2253 habitu.
564 2214 724 2267 Cygnis
753 2223 929 2254 rostrum
957 2212 1225 2268 productius,
1257 2224 1494 2268 angustum,
1526 2212 1924 2269 depressiusculum,
1953 2212 2043 2253 basi

349 2298 510 2329 tantum
539 2289 739 2344 gibbum3
771 2289 992 2344 longitudo
1022 2293 1117 2331 colli
1146 2288 1321 2344 insignis
1342 2320 1352 2339 ,
1398 2305 1543 2345 corpus
1572 2303 1696 2345 grave
1715 2320 1725 2339 ,
1758 2293 1935 2330 incessus
1964 2287 2043 2329 dif-

349 2362 470 2404 ficilis
485 2394 497 2411 ,
538 2368 702 2407 trachea
730 2365 775 2405 in
805 2365 897 2406 sinu
928 2363 1056 2405 sterni
1087 2365 1338 2405 anfractibus
1368 2367 1574 2415 flexuosa,
1618 2365 1753 2406 victus
1791 2361 2039 2419 vegetabilis

350 2450 404 2479 ex
433 2453 563 2493 aquae
592 2441 721 2483 fundo
749 2442 969 2498 petendus.
1008 2467 1057 2477 -
1096 2441 1342 2484 Anseribus:
1385 2452 1559 2484 rostrum
1586 2441 1864 2488 conoideum,
1905 2438 1979 2479 rob
1992 2451 2034 2477 u-
