2175 2931
1152 187 1294 212 ἐξὲξ

388 189 407 215 ω

416 189 441 216 Ο

451 188 475 215 ῳ

779 311 829 346 :31
852 316 890 345 ι.
968 300 1010 343 T
1033 302 1069 344 R
1092 302 1124 345 Y
1148 301 1185 344 N
1207 301 1247 343 G
1273 303 1312 346 A
1397 304 1664 348 Calidrix„

515 445 564 481 T.
596 439 774 496 pedibus
804 439 932 494 nigris
953 471 962 489 ,
995 454 1116 495 supra
1145 437 1310 479 cinerea
1345 441 1487 482 subtus
1515 438 1803 497 uropygioque
1844 438 1962 488 alba,
2006 454 2066 480 re-

378 517 557 572 migibus
588 516 781 557 omnibus
811 515 961 556 rhachi
993 526 1035 556 et
1066 514 1251 570 margine
1293 515 1411 557 albis.

599 592 780 634 Calidris
813 597 991 648 grysea?
1021 594 1204 633 Brisson.
1236 609 1320 633 orn.
1354 595 1400 634 V.
1434 610 1471 643 p.
1504 601 1594 636 233.
1627 593 1711 634 cab.
1743 610 1807 633 21.
1829 594 1914 648 fig.
1947 611 1982 633 2.

515 673 562 710 In
594 669 757 724 Ingriae
792 668 954 724 aquosis
983 684 1067 709 non
1096 669 1362 724 infrequens,
1393 669 1520 711 rarius
1550 670 1594 710 in
1625 669 1779 710 Sibiria
1810 670 2042 711 observata.

515 748 646 788 Dese
659 762 691 787 r.
749 746 996 801 Magnitudo
1027 744 1098 785 vix
1129 761 1249 801 supra
1277 749 1326 786 T.
1356 746 1651 802 tridactylarn‚
1685 744 1753 787 cui
1783 745 1945 786 similis.
1991 747 2068 786 Ro-

376 834 502 865 strum
530 823 722 877 115grum,
752 824 900 873 breve,
934 823 1052 878 apice
1083 821 1365 863 crassiusculo.
1426 824 1575 863 Verteae
1606 823 1755 869 fuscus,
1785 836 1963 877 cumque
1981 836 2068 862 cerv

383 899 475 939 vice
506 899 674 939 cinerea
704 897 1070 939 albicio-suimus.
1141 899 1247 938 Gula
1279 898 1385 938 alba.
1459 899 1639 938 Dorsum
1684 898 1923 952 alarumque
1954 898 2069 938 bases

377 974 568 1023 cinerea,
601 973 754 1030 plumis
785 975 941 1015 lineola
970 976 1109 1024 fusca,
1142 975 1358 1029 l'nnboque
1389 973 1531 1015 albido
1577 973 1833 1029 marginatis.
1905 974 2069 1029 Uropy-

372 1055 490 1105 gium
518 1061 557 1090 et
588 1050 782 1090 ‘rectrices
812 1052 968 1091 caudae
1006 1051 1102 1091 albo
1132 1051 1330 1105 fuscoque
1361 1050 1571 1091 fasciatae.
1639 1052 1841 1091 Rectrices
1877 1049 2070 1106 aequales

376 1126 538 1175 fuscae,
573 1126 985 1181 albo-marginatae.
1054 1127 1244 1181 Remiges
1272 1142 1416 1167 omnes
1445 1126 1597 1168 rhachi
1628 1137 1672 1168 et
1709 1125 1921 1181 margine,
1964 1125 2069 1166 inte-

378 1200 541 1257 riusque
572 1201 695 1242 latius
726 1202 859 1242 albae.
928 1202 1080 1243 Pinnae
1110 1204 1319 1243 subalares
1349 1204 1600 1259 praelongae
1644 1203 1787 1253 albae,
1840 1201 1952 1252 basi,
1995 1201 2069 1241 hu-

375 1276 562 1332 merique
593 1277 713 1334 nigro
743 1280 945 1335 punctati.
987 1280 1115 1320 Pedes
1145 1277 1354 1330 humiles,
1386 1280 1509 1334 nigri,
1541 1280 1704 1336 postico
1733 1277 1868 1335 digito
1898 1277 2067 1332 insigni.

831 1501 888 1552 L.
954 1497 1608 1552 PHALAROPI.

515 1739 654 1779 Genus
682 1753 767 1779 non
798 1738 1023 1778 admodum
1054 1752 1333 1789 numerosum,
1365 1747 1498 1779 rostro
1527 1738 1699 1795 quidem
1725 1739 1906 1796 Tryngis
1935 1739 2063 1782 simil-

366 1814 550 1865 limum,
582 1815 654 1856 sed
683 1816 832 1872 pedum
861 1813 1006 1870 digitis
1036 1813 1188 1855 Iobatis
1218 1813 1383 1855 Fulicas
1413 1815 1594 1855 referens
1624 1826 1667 1855 et
1702 1815 1862 1872 optime
1891 1815 2065 1856 circum-

375 1891 606 1947 scriptum,
637 1891 896 1932 constituunt
923 1891 1173 1946 Phalaropi‚
1205 1906 1226 1930 a
1256 1891 1526 1931 Brissonio
1557 1902 1671 1932 recte
1702 1890 1907 1932 distincti.
1974 1893 2065 1934 Plu-

378 1973 540 2023 magz’ne
569 1969 722 2016 densa,
753 1968 836 2009 fere
866 1965 1057 2017 anatina,
1090 1981 1219 2021 aeque
1250 1980 1297 2006 ac
1327 1965 1507 2021 pedibus
1536 1967 1697 2008 natatui
1727 1967 1852 2023 plane
1882 1968 2065 2009 destina-

376 2056 445 2089 tae
476 2055 569 2085 sunt
597 2043 679 2085 hac
710 2043 923 2094 aviculae,
952 2043 1063 2082 unde
1094 2056 1178 2082 non
1207 2041 1316 2097 ripas
1345 2042 1633 2097 frequentare,
1677 2044 1750 2084 sed
1793 2043 1917 2084 vastis
1955 2045 2065 2085 lacu·

375 2121 450 2161 bus
480 2132 523 2161 et
551 2120 819 2170 fluminibus,
862 2119 993 2160 immo
1022 2117 1127 2159 mari
1157 2116 1347 2159 innatare
1378 2118 1511 2159 solent
1541 2117 1673 2160 instar
1712 2120 1886 2176 paleae,
1922 2131 1965 2161 et
1995 2121 2063 2161 ad-

375 2196 564 2237 miranda
612 2196 863 2237 dexteritate
908 2194 953 2236 in
997 2194 1147 2236 mediis
1189 2193 1383 2235 fluctibus
1402 2225 1412 2244 ,
1471 2194 1600 2236 etiam
1652 2196 1841 2252 agitatis,
1900 2197 2062 2237 ludunt,

377 2273 533 2312 Omnes
565 2283 658 2314 sunt
687 2272 866 2314 arcticae
898 2287 1021 2321 aves,
1065 2285 1142 2311 nee
1173 2270 1302 2310 ullam
1332 2270 1547 2328 hucusque
1577 2272 1762 2328 speciem
1793 2271 2062 2314 antarcticam

377 2346 582 2390 novimus.
