2175 2931
396 174 494 232 274‘
1168 191 1312 213 ”···-—-

391 291 575 333 rentibus
617 290 821 332 montanis
863 303 905 331 et
947 290 1083 332 fluviis
1113 289 1268 330 saxosis
1300 289 1477 346 rapidis,
1535 308 1556 332 a
1587 292 1720 348 glacie
1760 293 1964 343 liberatis,
2024 306 2069 335 ut

391 369 497 418 Uda,
532 368 689 413 conda,
721 368 897 422 Ingoda,
932 366 1123 416 Schilka,
1156 366 1404 421 Bargusino,
1436 369 1679 424 plerumque
1710 383 1784 424 per
1813 369 1928 424 paria
1960 371 2067 410 unde

390 458 522 483 mares
552 453 644 497 post
674 443 899 483 celebratas
928 443 1092 499 nuptias
1122 442 1212 492 soli,
1247 442 1453 483 foeminae
1484 459 1581 484 vero
1612 445 1780 484 demum
1812 444 2069 485 confiirmata

389 519 505 574 prole
546 519 658 558 lacus
697 530 737 558 et
781 520 989 560 maritima
1032 530 1197 575 petunt,
1259 530 1300 558 et
1342 519 1544 574 gregatim
1583 520 1692 561 circa
1730 531 1934 575 rupestrcs
1964 520 2071 576 ripas

390 605 609 648 vagantur,
654 594 805 635 oniscis
834 596 1077 652 praesertin]
1110 595 1289 651 copiosis
1320 594 1544 636 inhiantes.
1620 598 1712 637 Vox
1743 596 1871 645 clara,
1919 595 2069 645 brevis,

390 685 498 718 rara,
531 670 709 709 volant}s
741 672 867 713 nulla.
927 673 1106 713 Stolidae
1137 670 1353 710 hominem
1370 686 1497 726 prope
1530 671 1755 712 admittunt
1783 682 1824 711 et
1854 670 2070 711 urinantur

389 744 528 800 potius
567 761 690 800 quam
729 749 906 788 avolant.
979 750 1228 788 stellet-us
1271 746 1378 786 hanc
1409 747 1594 802 speciem
1624 748 1805 803 primum
1835 747 2072 787 observavit

389 820 433 860 in
463 821 715 862 torrentibus
753 839 864 863 mare
901 822 1143 865 Oeliotense
1179 822 1472 871 influentibus,
1527 822 1857 878 copiosissimam
1900 822 1997 862 dein
2027 822 2071 862 in

390 895 702 947 Camtschatca,
747 899 819 939 ubi
847 915 944 940 vere
976 902 1027 939 ad
1057 901 1189 939 fontes
1220 913 1347 952 usque
1378 897 1607 938 rivulorum
1637 899 1875 947 adscendit,
1932 899 2073 938 exclu-

391 987 515 1027 saque
552 973 669 1027 prole
712 975 819 1015 redit
851 977 902 1014 ad
934 990 1057 1015 mare.
1130 974 1250 1015 Circa
1280 973 1432 1013 insulas
1464 988 1602 1013 versus
1632 973 1875 1014 Americain
1914 990 2069 1030 sparsas

389 1049 636 1088 observabat
665 1050 925 1104 frequentem
957 1068 996 1105 p.
1027 1068 1079 1090 m.
1110 1052 1164 1090 D.
1196 1051 1250 1088 D.
1281 1051 1430 1089 Merk.
1490 1051 1708 1104 Hybernat
1736 1049 1777 1089 in
1811 1050 1933 1100 mari,
1976 1066 2070 1091 vere

388 1134 591 1163 torrentes
625 1111 842 1166 adscendit
870 1126 997 1166 etiam
1029 1126 1105 1166 ibi.
1148 1127 1216 1166 Ad
1242 1126 1429 1179 jugulum
1457 1140 1586 1180 usque
1614 1137 1702 1166 tota
1732 1127 2069 1182 aquaeitnmersa

390 1210 521 1248 natat,
552 1211 597 1239 ut
628 1203 680 1240 A.
712 1216 844 1241 mersa
873 1201 1060 1242 urinatur
1089 1202 1161 1243 diu
1189 1212 1231 1242 et
1260 1202 1440 1241 natando
1472 1201 1704 1250 lubentius,
1735 1218 1858 1258 quam
1891 1203 2070 1243 volando

390 1274 507 1329 fugit.
579 1279 763 1317 Teneros
807 1281 941 1332 pullos
980 1281 1054 1319 sub
1094 1277 1264 1318 initium
1294 1277 1394 1317 Julii
1425 1278 1475 1317 ad
1506 1279 1715 1318 Bai'calem
1747 1278 1915 1333 accepi,
1959 1280 2070 1318 unde

389 1353 603 1392 crederem
626 1352 690 1392 bis
720 1352 763 1393 in
795 1369 902 1394 anno
930 1354 1177 1409 prolificare.
1236 1353 1461 1392 Rarissime
1491 1354 1702 1394 interdum
1732 1354 1841 1394 circa
1870 1355 2070 1394 Uralense.

389 1428 530 1480 jugum
574 1439 756 1482 apparet.
829 1429 920 1468 Ova
961 1428 1182 1483 descripsit
1224 1439 1266 1467 et
1296 1428 1526 1468 delineavit
1569 1431 1761 1470 Steller
1791 1431 1920 1481 (Not).
1953 1432 2067 1470 Com.

388 1503 494 1542 Petr.
524 1504 593 1542 IV.
626 1519 664 1558 p.
696 1513 786 1552 420.
819 1503 901 1543 tab.
942 1521 999 1542 11.
1021 1506 1105 1557 fig.
1144 1511 1201 1543 13.
1240 1506 1325 1555 14.)
1358 1505 1602 1554 majuscula,
1635 1506 1721 1544 fere
1752 1516 1797 1544 ut
1826 1504 2066 1554 Boschadis,

391 1578 551 1631 glabra,
609 1579 727 1624 alba,
786 1594 882 1618 sena
926 1579 969 1618 in
1015 1594 1095 1617 uno
1127 1578 1247 1626 nido,
1307 1593 1431 1632 quem
1462 1579 1643 1619 soemina
1674 1580 1718 1619 in
1748 1581 1849 1636 ripis
1881 1580 2067 1635 gramine

389 1654 633 1694 conculcato
662 1653 896 1708 plumisque
928 1655 1090 1694 format.
1150 1653 1282 1701 Parit,
1326 1655 1475 1694 eodem
1505 1656 1772 1706 observante,
1815 1658 1894 1697 fine
1924 1655 2050 1696 Junii.

523 1730 694 1768 Descr.
748 1731 992 1784 Magnitudo
1037 1730 1279 1784 Penelopes,
1358 1732 1548 1771 Rostrum
1589 1732 1767 1782 fuscum,
1827 1733 2069 1772 mandibula

388 1803 584 1844 inferiore
615 1816 657 1844 et
685 1819 820 1860 ungue
850 1805 1252 1855 coerulescentibus,
1282 1807 1411 1845 forma
1441 1809 1469 1858 (:
1486 1807 1570 1846 fere
1601 1819 1646 1847 ut
1675 1808 1718 1847 in
1748 1811 1885 1848 Anate
1916 1808 2066 1862 glacia-

390 1879 428 1919 le
447 1884 475 1933 :)
520 1894 661 1920 versus
690 1896 871 1935 unguem
902 1882 1077 1922 conico—
1096 1893 1375 1936 angustatum,
1436 1882 1545 1922 circa
1574 1898 1753 1938 unguem
1783 1885 2067 1939 subrugosum,

385 1955 475 1995 basi
506 1954 614 1994 striis
645 1957 885 2006 subtilibus,
933 1957 1163 1997 vorticosis.
1222 1958 1400 1997 Lobulus
1428 1969 1639 2009 cutaceus‚
1687 1961 1897 2010 dentatus,
1936 1959 2066 2015 niger,

387 2029 517 2070 instar
547 2029 696 2071 cristae
725 2033 981 2086 gallinaceae
1013 2034 1183 2088 angulos
1213 2032 1293 2072 oris
1325 2032 1499 2088 obtegit.
1557 2036 1685 2076 Irides
1715 2036 1866 2075 fuscae.

522 2108 638 2146 Mas:
699 2119 821 2164 caput
849 2107 996 2158 habet,
1041 2124 1134 2148 cum
1166 2108 1375 2164 superiore
1404 2120 1520 2163 parte
1549 2110 1672 2155 colli,
1715 2109 2066 2166 atro-clialybea—

386 2194 502 2230 tum3
533 2198 628 2223 area
658 2199 805 2237 magna
835 2183 1098 2239 triangularis
1128 2185 1220 2224 alba
1251 2184 1444 2240 utrinque
1474 2186 1525 2225 ad
1559 2197 1747 2236 rostrum,
1770 2190 1910 2240 fascia
1938 2187 2065 2227 utrin-

387 2273 467 2313 que
495 2273 570 2314 per
600 2258 800 2299 verticem
839 2261 889 2300 ad
920 2260 1088 2316 occiput
1118 2260 1383 2301 continuatae
1412 2261 1594 2317 primum
1623 2263 1768 2313 albae,
1812 2262 1910 2302 dein
1941 2264 2063 2302 ferru-

390 2333 556 2387 gineae,
610 2334 720 2374 inter
748 2351 846 2390 quas
877 2337 1055 2391 spatium
1086 2348 1410 2392 opaco-atrum.
1479 2339 1647 2379 Macula
1675 2353 1793 2392 supra
1824 2353 1937 2377 aures
1968 2337 2017 2375 ad
2049 2341 2061 2375 ἒ

390 2408 501 2458 alba,
554 2410 718 2464 postico
747 2413 932 2466 margine
960 2411 1064 2452 item
1097 2423 1184 2453 atro
1202 2437 1214 2443 -
1232 2427 1388 2468 opaca3
1441 2428 1551 2469 pone
1594 2413 1702 2453 hanc
1731 2425 1905 2467 utroque
1934 2412 2063 2451 latere
