2175 2931
871 228 1018 242 m

873 245 1017 253 μ.-

1701 230 1784 270 115

251 324 403 368 Rarior
431 326 475 368 in
506 328 669 383 Europa
699 325 1051 377 occidentaliore,
1107 340 1147 369 at
1175 342 1249 384 per
1283 326 1472 368 Rossiam
1501 339 1545 369 et
1576 326 1785 376 Sibiriam.

113 405 157 446 in
188 403 350 459 aquosis
386 402 749 458 temperatioribus
779 414 822 443 et
858 418 984 458 usque
1015 404 1066 444 ad
1103 407 1259 445 Lenam
1300 405 1517 459 frequens;
1574 417 1627 443 ex
1656 415 1791 443 austro

113 481 276 535 migrat.
350 480 519 519 Victitat
548 477 755 533 piscibus,
807 477 990 528 cancris,
1044 490 1149 520 caet.
1179 495 1280 536 quos
1310 494 1432 535 saepe
1463 478 1792 520 semiconcoctos

115 557 269 597 reddit.
327 559 385 596 Ut
415 552 591 594 Ciconia
623 553 743 601 alba,
787 564 918 593 rostro
949 553 1152 609 crepitat,
1184 567 1226 595 et
1253 570 1328 611 pro
1358 568 1460 594 voce
1490 554 1661 595 sibilum
1691 553 1796 601 edit,

114 632 226 672 unde
253 645 408 671 nornen
450 627 716 669 Slavonicum
747 640 883 669 ortum
914 627 1092 670 videtur,
1170 632 1301 686 Saepe
1331 629 1425 671 altis
1456 629 1613 670 insidet
1643 628 1795 670 arbori-

116 708 213 756 bus,
266 706 311 746 in
347 704 496 760 quibus
532 715 574 744 et
614 704 846 752 nidulatur,
900 704 995 744 nido
1025 703 1134 744 inter
1165 706 1323 746 medias
1354 707 1520 747 frondes
1551 721 1574 746 e
1604 704 1795 760 virgultis

117 792 342 830 contexto,
374 779 570 835 tripedali
600 791 642 820 et
671 780 779 819 ultra
806 778 1036 820 diamcdro.
1095 781 1186 821 Ova
1214 793 1414 836 quatuor,
1445 781 1679 831 albissima,
1711 781 1798 836 gal-

115 856 288 897 linaceis
317 859 497 910 majora,
552 857 738 911 pondere
783 854 1048 912 sesquitrium
1102 856 1346 903 unciarum,
1410 858 1479 897 vel
1508 859 1634 913 paulo
1664 871 1798 911 supra.

117 932 318 972 Animosa
349 943 410 971 est
439 942 482 971 et
511 931 739 987 pugnacior
769 932 816 973 C.
847 932 963 981 alba,
1019 932 1234 986 multoque
1265 932 1395 987 magis
1425 932 1644 973 hominem
1674 931 1800 971 refor-

120 1007 275 1056 midat3
333 1018 514 1047 attamen
557 1021 686 1061 aeque
717 1007 839 1048 facile
870 1007 1090 1048 cicuratur.
1162 1007 1300 1048 Pisces
1331 1008 1556 1064 deglutitos
1589 1021 1711 1062 saepe
1743 1019 1802 1046 se·

121 1082 321 1123 micoctos
350 1097 425 1138 per
452 1098 575 1122 anum
603 1083 741 1123 reddit
758 1115 767 1133 ,
799 1094 845 1122 ut
873 1082 977 1122 mira
1007 1082 1059 1122 sit
1090 1082 1246 1122 canalis
1274 1083 1526 1124 intestinalis
1557 1082 1721 1123 laxitas.

259 1160 431 1198 Descr.
461 1158 662 1214 Aequalis
693 1159 738 1199 C.
769 1159 886 1198 albae
918 1169 960 1198 et
991 1157 1220 1198 simillima.
1293 1159 1484 1199 Rostrum
1512 1159 1708 1213 pedesque
1748 1171 1806 1196 se·

121 1235 300 1276 moribus
329 1244 507 1273 saturate
538 1233 674 1283 rubri,
701 1234 927 1291 junioribus
956 1232 1146 1273 olivaceo
1164 1232 1466 1283 -virescentes‚
1500 1250 1544 1275 os
1573 1245 1715 1273 tamen
1743 1231 1805 1272 in-

120 1321 186 1351 tus
217 1307 344 1348 etiam
374 1306 441 1347 his
470 1308 648 1357 flavum,
693 1319 736 1348 et
765 1308 881 1348 color
908 1311 991 1361 jam
1035 1319 1232 1348 autumno
1264 1308 1415 1348 mutari
1444 1307 1624 1363 incipit,
1669 1306 1807 1362 primo

120 1384 232 1427 circa
261 1382 383 1423 rostri
411 1382 544 1423 basin.
599 1385 760 1439 Lingua
792 1382 1061 1431 brevissima,
1092 1382 1384 1437 triangularis,
1422 1382 1512 1424 basi
1541 1382 1614 1423 vix
1642 1398 1722 1423 una
1753 1382 1810 1422 al-

123 1473 294 1515 teraque
324 1458 486 1514 spinula
517 1458 672 1509 aurita,
704 1469 892 1499 extremo
922 1457 1096 1509 lineari,
1126 1459 1363 1500 rotundato.
1431 1462 1538 1501 Lora
1578 1474 1673 1499 cum
1715 1473 1810 1499 ocu-

122 1537 258 1577 lorum
288 1534 448 1575 ambitu
477 1546 518 1575 et
547 1536 788 1575 membrana
816 1534 926 1575 inter
957 1550 1091 1576 ramos
1121 1534 1318 1575 maxillae
1348 1536 1476 1586 nuda,
1509 1537 1635 1577 fusca.
1684 1535 1813 1576 Irides

123 1613 297 1653 obscure
326 1624 521 1665 gryseae,
548 1609 810 1666 provectiore
842 1621 977 1651 aetate
1008 1611 1170 1659 fulvae;
1201 1621 1373 1666 tumque
1404 1612 1695 1667 palpebrarum
1712 1625 1811 1666 quo·

127 1702 207 1744 que
239 1687 441 1741 margines
470 1687 633 1726 rubent.
705 1687 839 1741 Caput
867 1697 909 1726 et
953 1690 1103 1727 collum
1131 1685 1361 1741 junioribus
1391 1697 1431 1728 et
1467 1686 1658 1728 foeminis
1695 1688 1814 1727 obso-

129 1764 213 1804 lete
256 1762 398 1818 nigra,
444 1761 545 1817 quin
587 1773 629 1802 et
670 1762 1082 1817 gryseo-nebulosa,
1124 1762 1321 1817 perfectis
1364 1763 1546 1803 maribus
1597 1777 1692 1802 cum
1721 1772 1812 1801 toto

131 1840 280 1888 dorso,
315 1837 412 1888 alis,
445 1838 658 1893 caudaque
689 1837 906 1886 aterrima,
937 1836 1222 1894 pulcherrimo
1251 1839 1415 1893 perfusa
1444 1837 1695 1893 splendore,
1726 1835 1814 1876 vio-

131 1915 249 1955 laceo
278 1925 320 1954 et
349 1912 476 1954 viridi
505 1912 704 1954 variante.
735 1915 906 1961 Pectus,
936 1914 1135 1954 abdomen
1167 1925 1208 1955 et
1238 1918 1426 1962 crissum,
1457 1913 1694 1968 pinnaeque
1722 1911 1813 1952 sub-

133 1994 265 2031 alares
304 1988 471 2030 circiter
510 2001 712 2039 octonae,
772 1987 889 2029 nivei
931 1988 1134 2029 candoris.
1215 1991 1331 2030 Cutis
1365 2003 1439 2044 per
1474 1999 1609 2029 totum
1637 2002 1814 2043 corpus,

136 2064 317 2105 maxime
347 2064 391 2104 in
422 2064 722 2114 anterioribus,
768 2064 991 2120 sanguinea
1010 2096 1019 2114 ,
1065 2076 1110 2105 ut
1153 2064 1197 2104 in
1229 2065 1276 2106 C.
1306 2065 1427 2105 rubra
1470 2076 1512 2105 et
1542 2068 1814 2118 Haematopo.

133 2141 322 2194 Remiges
351 2147 416 2180 30.
446 2151 608 2195 praeter
638 2140 839 2181 extimam
870 2140 1086 2181 minutam.
1161 2142 1319 2195 Unguis
1346 2140 1478 2181 medii
1507 2138 1631 2195 digiti
1664 2138 1816 2179 leviter

136 2215 428 2269 emarginatus.
486 2215 648 2256 Pondus
677 2231 797 2270 supra
829 2222 850 2256 5
881 2214 1020 2256 libras.
1088 2217 1280 2257 IWensura
1319 2218 1371 2257 acl
1401 2215 1647 2271 uropygium
1681 2214 1726 2255 2‘.
1756 2214 1815 2264 4⁰.

141 2309 177 2333 ο.
209 2291 364 2331 alarum
395 2305 667 2346 expansarum
698 2293 743 2332 5².
773 2291 828 2332 δ”.
860 2290 926 2342 9”’.
958 2292 1079 2331 ulnae
1118 2294 1161 2331 ι’.
1192 2292 1248 2332 δ”.
1282 2307 1318 2332 ο.
1349 2293 1504 2332 caudae
1536 2296 1593 2342 9‘'.
1625 2290 1745 2332 rostri
1764 2291 1817 2331 ad

137 2367 318 2409 frontem
348 2367 391 2407 5'‘
422 2368 488 2420 7‘''.
519 2367 570 2407 ad
598 2365 749 2406 rictum
780 2367 835 2407 δ”.
868 2366 936 2408 3”’.
966 2366 1095 2422 partis
1124 2368 1258 2407 nudae
1282 2368 1485 2408 femorum
1514 2368 1573 2418 4⁷2
1593 2367 1658 2407 2'‘'·
1689 2366 1817 2407 tibia—

140 2457 230 2484 rum
261 2447 319 2498 7⁰.
350 2445 419 2498 7'''.
450 2441 573 2498 digiti
604 2441 734 2483 medii
763 2445 819 2496 (c.
849 2458 890 2485 11.
921 2446 1010 2498 6'“.)
1041 2444 1099 2486 δ”.
1137 2444 1227 2484 um.
1257 2443 1410 2500 postici
1459 2444 1511 2484 1''.
1543 2444 1614 2485 6‘''.
1693 2443 1820 2484 Oeso·

1361 2530 1379 2549 ss
