2175 2931
870 218 1014 246 ΕΞ
1694 223 1776 252 121

315 320 457 362 Ardea
488 321 582 361 alba
609 323 768 375 major,
799 322 959 362 Mar-sil.
989 321 1140 362 danub.
1173 323 1220 362 V.
1252 338 1291 378 p.
1329 337 1387 362 ιε.
1425 323 1508 363 tab.
1539 331 1577 371 4.

315 398 456 437 Ardea
487 396 689 445 candida,
721 399 899 438 Brisson.
929 413 1014 438 orn.
1047 398 1085 438 V.
1118 415 1157 454 p.
1188 405 1281 450 428.
1326 399 1539 440 D’aubent·
1571 401 1666 453 pict.
1699 398 1780 439 tab.

376 480 466 514 886.
497 471 645 526 junior.

316 551 455 590 Ardea
486 549 605 595 alba,
635 550 724 588 Lz'n.
754 559 857 602 syst.
887 550 982 589 XII.
1012 551 1045 589 I.
1076 566 1116 605 p.
1149 558 1237 602 239.
1270 566 1329 607 sp.
1362 560 1426 601 24.

316 626 456 665 Ardea
485 624 765 679 egrcttoides,
799 625 926 664 Gmel.
950 628 1034 680 jun.
1066 631 1150 666 itin.
1182 629 1231 666 ΙΙ.
1264 643 1305 682 p.
1343 634 1429 678 ¹93·
1460 628 1543 667 tab.
1576 633 1641 668 25.

312 702 452 741 Ardea
482 700 630 750 nivea,
663 702 788 741 Gmel.
815 704 900 758 jun.
931 701 1036 742 Νου.
1067 703 1181 743 Com.
1211 704 1315 744 Petr.
1348 705 1438 749 XV.
1483 721 1522 759 p.
1569 709 1662 756 458.
1697 701 1782 742 tab.

380 795 440 830 17.
471 776 621 831 junior.

204 853 377 896 Rossice
408 856 566 910 Bjelaja
601 854 832 908 Tschepz'cra
864 854 978 907 (alba
1008 856 1182 910 Ardea).

206 929 446 971 Baschkiris
477 931 701 975 Scharlcik5
732 930 922 984 Kirgiso-
942 931 1084 971 tataris
1114 933 1315 973 Kusselik.

207 1005 444 1048 Cahnuccis
472 1006 850 1060 Zaglzan-Chutitn
881 1008 995 1059 (alba
1025 1009 1200 1059 Ardea).

232 1086 281 1122 In
312 1082 555 1122 australibus
585 1080 755 1121 Rossiae
774 1114 784 1131 ,
824 1083 1070 1137 pracsertim
1110 1084 1359 1132 maritimis,
1404 1096 1448 1124 et
1488 1084 1599 1125 circa
1629 1094 1787 1139 aquas,

97 1159 252 1215 ubique
284 1156 540 1213 frequentior
569 1159 875 1212 praecedente,
908 1169 1104 1198 autumno
1135 1159 1350 1200 turmatim
1382 1160 1574 1214 migrans.
1635 1163 1683 1199 In
1714 1160 1785 1198 bo-

98 1236 229 1276 reales
269 1235 368 1274 situs
409 1248 492 1272 non
534 1232 764 1272 adscendit.
837 1235 969 1274 Nidus
1011 1234 1078 1273 vel
1123 1234 1166 1273 in
1210 1235 1424 1275 arboribus
1464 1234 1653 1290 ripariis,
1713 1234 1783 1273 vel

96 1309 251 1366 (qualis
281 1319 323 1348 ct
351 1309 516 1348 Ardeae
546 1307 738 1346 cinereae
769 1306 980 1347 interdum
1024 1308 1224 1362 occurrit)
1268 1310 1379 1349 inter
1410 1309 1631 1349 arundines
1674 1308 1785 1348 altis-

97 1386 243 1433 simas,
287 1399 406 1439 supra
449 1397 572 1437 aquas
617 1397 738 1437 saepe
780 1383 831 1422 ad
874 1384 973 1423 duas
1016 1394 1150 1424 tresve
1180 1385 1298 1424 ulnas
1329 1400 1571 1440 suspensus,
1613 1385 1785 1439 solaque

95 1461 289 1503 molliore
320 1458 519 1500 arundine
549 1469 710 1498 stratus.
768 1459 860 1499 Ova
891 1459 1180 1515 magnitudine
1212 1460 1562 1515 gallinaceorum,
1607 1459 1785 1516 pulchre

97 1537 339 1592 aeruginose
369 1534 534 1575 viridia.
594 1536 752 1576 Pennae
782 1535 937 1575 alarum
967 1535 1198 1591 spuriarum
1230 1537 1474 1591 elongatae,
1508 1551 1622 1577 rarae
1640 1568 1650 1586 ,
1692 1536 1787 1576 Gal-

95 1615 148 1655 lis
177 1616 340 1668 Esprit,
372 1626 425 1651 ex
456 1609 607 1650 adultis
636 1609 968 1665 pulcherrimae,
1001 1613 1052 1651 ad
1081 1623 1245 1667 petasos
1276 1627 1347 1652 seu
1377 1625 1619 1654 ornamenta
1650 1612 1788 1652 mitra-

96 1706 187 1731 rum
217 1686 489 1729 orientalibus
518 1685 740 1726 nobilitata
768 1698 808 1726 et
839 1687 1052 1741 expetita3
1098 1688 1372 1742 praetorianis
1414 1690 1576 1729 Sultani
1620 1687 1785 1742 insigne

98 1765 247 1822 capitis
279 1775 332 1803 ex
362 1761 541 1808 iisdem,
572 1773 617 1801 ut
645 1771 687 1800 et
717 1761 920 1801 militares
951 1761 1099 1802 cristae
1131 1764 1382 1804 nostratibus
1410 1764 1456 1804 in
1487 1764 1675 1819 equitatu
1692 1778 1787 1802 con-

98 1853 252 1882 suetae.
281 1864 336 1870 ——
366 1839 537 1878 Victum:
566 1836 811 1893 praesertim
841 1837 974 1887 ranis,
1019 1839 1129 1878 unde
1168 1838 1213 1878 in
1242 1839 1476 1879 borealiora
1505 1854 1589 1879 non
1620 1838 1783 1893 migrat.

100 1919 315 1973 I-beernat
343 1914 387 1955 in
417 1913 556 1955 Persia
585 1915 639 1966 (G
653 1916 777 1966 mel.)
809 1925 852 1953 et
880 1913 924 1953 in
963 1913 1184 1955 Eucharia.

237 1994 404 2031 Descr.
434 1993 623 2031 Rostrum
653 2004 869 2044 magnum,
903 1990 1199 2039 flavissimuni,
1231 1991 1348 2039 basi,
1388 1990 1511 2041 loris,
1555 1989 1783 2046 palpebris-

100 2083 180 2124 que
210 2066 524 2106 virescentibus.
583 2068 743 2119 Lingua
772 2077 903 2105 rostro
934 2066 1155 2120 aliquoties
1193 2067 1382 2115 brevior,
1429 2067 1578 2115 exilis,
1626 2066 1784 2115 livida,

103 2142 298 2184 auriculis
328 2140 597 2191 acuminatis,
644 2156 721 2181 nec
764 2140 942 2180 serratis.
1010 2142 1137 2181 Irtdes
1180 2143 1395 2183 oculorum
1437 2143 1595 2198 pallide
1638 2143 1782 2181 flavae.

102 2221 259 2274 Corpus
287 2228 421 2257 totum
451 2215 645 2264 niveum3
690 2217 835 2256 Nucha
864 2216 988 2271 plane
1018 2231 1101 2255 non
1129 2222 1311 2258 cristata.
1381 2220 1573 2272 Jugulum
1613 2216 1784 2272 insigni-

101 2307 166 2335 ter
195 2295 396 2348 jubatum.
451 2294 639 2345 Remiges
668 2308 730 2343 27.
763 2291 1097 2331 secundariarum
1127 2292 1287 2348 aliquot
1315 2293 1498 2334 extimae
1530 2294 1648 2349 apice
1678 2304 1783 2333 retu-

103 2386 195 2419 sae,
228 2367 450 2410 filamentis
476 2368 761 2411 subbarbatae.
830 2369 936 2412 Alae
978 2373 1137 2423 spuriae
1175 2370 1400 2425 junioribus
1445 2370 1508 2410 ala
1540 2368 1784 2410 secundaria

101 2445 339 2496 breviores,
371 2443 606 2499 simplices3
637 2444 790 2490 adultis
819 2454 958 2485 autem
1000 2447 1064 2499 (et
1108 2445 1266 2485 vernali
1311 2457 1527 2502 tempore,
1572 2461 1699 2501 quum
1729 2459 1783 2488 ex

1328 2530 1372 2565 16
