2175 2931
416 234 505 274 224

419 334 529 377 circa
561 346 674 373 mare
707 329 890 385 caspium
922 339 965 368 ct
992 326 1180 383 nigrum,
1226 326 1353 382 inque
1397 327 1654 369 arundinetis
1685 338 1728 368 et
1755 328 1925 370 lacubus
1954 340 2103 371 austra-

420 410 592 453 lioribus
625 405 777 447 deserti
809 403 988 445 tatarici.
1046 403 1254 445 Plurimae
1285 417 1384 444 vero
1413 415 1455 444 et
1471 407 1635 460 Europa
1665 416 1706 445 et
1735 403 1927 445 citeriore
1952 405 2103 447 Sibiria

419 501 557 526 versus
599 482 893 530 occidentem,
937 495 990 520 ex
1019 479 1217 520 orientali
1257 479 1412 520 Sibiria
1454 494 1592 520 versus
1633 480 1840 521 orientem
1882 481 2103 522 Americae

419 558 727 617 temperatioris
769 572 939 611 magnos
983 557 1095 597 lacus
1137 567 1179 596 et
1220 555 1331 596 sinus
1360 567 1580 611 repetunt,
1636 556 1748 597 inter
1776 556 1933 596 Insulas
1963 571 2103 598 versus

416 637 659 679 American]
703 634 798 673 sitas
841 647 963 688 saepe
1008 648 1029 672 a
1073 631 1365 673 Camtschatca
1408 646 1557 687 magno
1600 633 1765 688 agmine
1808 632 2032 687 migrantes
2062 644 2104 673 et

417 712 639 754 Americae
686 710 829 751 littora
872 709 1058 763 legentes
1101 724 1121 748 a
1152 707 1462 762 navigatoribus
1510 708 1636 749 visae.
1682 734 1734 739 —-
1776 710 2002 748 Domestici
2030 723 2104 764 per

415 803 538 831 omne
586 785 813 842 Imperium
854 783 1097 824 Ruthenum
1141 783 1308 839 copiose
1353 794 1396 822 et
1439 782 1528 823 sine
1559 799 1708 839 magna
1742 800 1838 825 cura
1867 784 2033 824 aluntur
2062 795 2104 824 et

417 865 580 905 variant
609 863 749 903 colore
782 862 902 910 albo,
933 875 1054 916 saepe
1087 859 1212 914 guttis
1242 858 1364 899 luscis
1395 859 1613 913 adsperso,
1659 871 1700 899 et
1728 859 1862 915 topho
1891 859 2103 900 interdum

414 942 634 997 plumaeeo
678 937 856 978 nucliae.
925 940 1087 991 Hyeme
1131 946 1271 975 tamen
1309 934 1352 974 in
1397 934 1655 981 borealibus,
1699 936 1752 975 ob
1783 935 1964 989 rigidum
1992 935 2102 990 gelu,
2153 939 2156 941 ’

415 1018 509 1057 loco
539 1014 683 1070 tepido
715 1012 846 1053 foveri
883 1013 1053 1052 debent.
1125 1009 1403 1052 Celtici-rimi
1435 1012 1614 1049 Anseres
1645 1021 1687 1050 et
1717 1010 1891 1051 maximi
1921 1025 1943 1050 e
1973 1010 2104 1066 regio-

415 1107 467 1133 ne
498 1090 609 1131 urbis
641 1088 849 1136 Arsamas,
882 1087 955 1127 ubi
985 1087 1095 1126 mole
1127 1085 1403 1135 nobilissimi,
1437 1085 1682 1140 praesertim
1715 1101 1736 1125 e
1766 1085 1894 1142 stirpe
1925 1087 2104 1141 hybrida

415 1170 486 1222 (A.
529 1164 750 1221 cygnoidis
793 1178 888 1203 cum
931 1161 1092 1216 vulgari
1133 1161 1363 1217 capitolina
1406 1166 1500 1215 ave)
1545 1162 1721 1202 aluntur.
1794 1166 1885 1202 Hae
1926 1177 2102 1213 incessu,

414 1241 708 1300 pugnacitate,
761 1255 861 1280 sono
893 1238 1008 1279 vocis
1038 1250 1079 1279 et
1116 1237 1403 1293 magnitudine
1436 1237 1649 1292 Cygnoitli
1680 1237 1934 1278 domesticae
1964 1237 2102 1293 proxi-

413 1316 495 1366 mi,
527 1317 599 1356 sed
630 1314 922 1355 articulatione
952 1314 1066 1355 vocis
1095 1313 1353 1368 interrupta,
1385 1324 1514 1353 rostro
1546 1312 1635 1353 basi
1665 1328 1819 1362 crasso,
1852 1328 1930 1353 nec
1960 1325 2102 1354 tamen

415 1392 563 1447 gibbo,
597 1392 737 1431 colore
766 1391 1011 1446 plerumpue
1043 1389 1142 1442 (nisi
1171 1389 1215 1428 in
1246 1388 1492 1441 junioribus)
1524 1389 1619 1428 albo
1652 1389 1702 1428 ad
1734 1387 1984 1429 domesticos
2014 1389 2102 1429 vul-

417 1481 532 1522 gares
562 1467 778 1506 accedunt.
835 1465 958 1504 Tales
1018 1465 1175 1511 Talae,
1221 1468 1418 1504 Moscuae
1450 1475 1491 1504 et
1521 1463 1732 1520 Petropoli
1763 1466 1814 1504 ad
1845 1465 2027 1505 edendas
2057 1463 2101 1505 in

417 1542 703 1599 spectaculum
733 1555 890 1596 pugnas
919 1539 1140 1595 praecipue
1173 1541 1426 1579 deseruntur.
1489 1539 1726 1593 Seliguntur
1756 1540 1806 1578 ad
1836 1538 1918 1580 hoc
1946 1539 2102 1582 animo·

415 1618 567 1659 sissimi
596 1632 727 1657 mares
758 1627 801 1656 et
829 1614 1107 1655 robustissimi
1137 1626 1180 1654 et
1209 1614 1463 1655 associantur
1504 1614 1658 1669 singuli
1696 1615 1892 1656 foeminis
1930 1617 2101 1665 duabus,

415 1710 513 1751 quas
544 1692 624 1733 sibi
662 1703 814 1732 amatas
852 1690 934 1746 ipsi
971 1691 1222 1746 selegerunt.
1295 1690 1478 1732 Curiosis
1518 1690 1667 1731 horum
1700 1690 1972 1731 certaminum
2003 1707 2099 1733 caro

415 1771 535 1811 valde
566 1768 701 1825 pretio
731 1768 836 1807 tales
867 1778 1059 1807 emuntur
1088 1778 1130 1807 et
1158 1768 1406 1807 venduntur.
1486 1771 1644 1822 Pugnas
1674 1766 1850 1806 marium
1878 1767 2101 1809 instituunt

415 1844 603 1886 admissis
634 1845 684 1884 ab
717 1855 888 1898 utraque
916 1854 1033 1898 parto
1064 1844 1278 1892 foeminis,
1311 1858 1417 1899 quae
1448 1858 1580 1882 mares
1612 1841 1813 1882 excident
1843 1841 1887 1881 in
1917 1858 2099 1899 pugnam

414 1921 587 1977 gannitu
617 1932 660 1961 et
689 1919 953 1969 adulatione,
994 1920 1081 1960 imo
1112 1919 1279 1959 incensa
1308 1934 1445 1975 pugna
1474 1933 1583 1974 pone
1614 1933 1768 1958 marem
1799 1919 1985 1969 adstant,
2017 1920 2099 1960 col-

414 1999 538 2053 loque
580 1998 702 2036 dorso
745 1999 831 2049 ejus
876 1994 1075 2050 imposito
1121 2009 1224 2035 voce
1281 2006 1539 2050 pugnantem
1592 1993 1806 2048 instigant.
1890 1997 2097 2037 Anserum

394 2074 594 2113 'serorum
625 2072 732 2127 pulli
762 2071 885 2111 facile
917 2070 1175 2120 cicurantur,
1229 2070 1466 2126 passimque
1496 2070 1606 2110 inter
1636 2069 1888 2110 domesticos
1919 2071 2094 2113 aluntur.

415 2148 647 2204 Capiuntur
690 2146 768 2188 feri
806 2147 848 2187 in
887 2147 1063 2187 Sibiriae
1103 2146 1265 2202 aquosis
1305 2157 1528 2196 autumno,
1588 2146 1744 2186 retibus
1787 2146 1945 2201 magnis
1986 2146 2095 2188 inter

415 2226 528 2265 lacus
557 2235 599 2264 et
627 2240 777 2280 pascua
808 2225 858 2263 ab
890 2224 1102 2263 arboribus
1132 2222 1359 2278 suspensiS,
1406 2223 1508 2262 loeis
1538 2222 1782 2278 praesertim
1812 2222 1884 2262 ubi
1914 2233 2093 2264 transvo-

415 2301 500 2340 lare
538 2311 792 2340 consuerunt
823 2298 936 2353 (vid.
967 2301 1138 2340 Itinerar
1167 2298 1295 2339 nostri
1325 2303 1404 2340 vol.
1435 2301 1489 2338 ΙΙ.
1521 2316 1561 2354 p.
1591 2324 1604 2329 -
1634 2302 1691 2352 -).
1757 2299 1921 2338 Pondus
1952 2314 2093 2339 eorum

418 2377 541 2430 vulgo
579 2377 628 2415 ab
668 2382 705 2416 8.
745 2377 796 2415 ad
833 2394 875 2415 ιο
917 2375 1043 2416 libras
1075 2376 1184 2415 med.
1216 2389 1390 2428 aequare
1420 2375 1536 2415 solet.
1609 2378 1655 2414 In
1686 2374 1888 2430 depressis
1917 2374 2091 2413 inunda-

417 2449 525 2490 tioni
553 2450 747 2491 obnoxiis
777 2450 886 2492 circa
923 2451 1166 2491 inferiorem
1195 2450 1373 2504 Volgam
1408 2453 1586 2490 Anseres
1616 2466 1698 2490 non
1736 2449 1879 2498 humi,
1931 2459 1976 2488 ut
2005 2449 2091 2504 ple-
