2175 2931
220 316 390 359 Rossice
422 315 573 357 Dudc'zk
589 332 601 362 ‚·
660 314 898 356 Maiorossis
934 316 1160 365 Drochma3
1219 317 1270 357 ad
1299 314 1460 357 Jaicum
1489 327 1531 357 et
1559 316 1604 358 in
1633 316 1790 359 Sibiris.

277 395 393 448 Drap
422 393 491 432 vel
520 393 710 449 Stepnajcz
739 393 890 433 Kuriza
919 393 1181 448 (camporum
1211 391 1409 446 Gallina).

221 467 439 509 Lettoniee
469 469 610 521 Sihga.

221 543 384 584 Tataris
413 544 604 588 Soadalz;
633 541 806 596 Kirgisis
835 543 1074 590 Dumadak,
1107 542 1296 584 Sibil-icis
1325 543 1573 600 quibusdam
1604 545 1757 586 Kortia.

222 619 435 674 Mongolis
471 619 640 658 Toclach
673 629 715 657 et
748 618 947 663 Tocfdulz;
977 633 1062 658 mas
1093 621 1286 661 Saclzaltic
1315 619 1344 661 i.
1377 635 1414 662 e.
1446 621 1654 662 barbatus.

223 694 430 749 Tungusis
459 693 667 734 Dauuriae
701 693 856 734 Todolt,

247 770 341 811 Otis
369 769 413 809 in
445 769 617 810 desertis
647 768 944 824 campestribus
976 769 1173 820 Rossiae,
1225 772 1419 814 Tatariae
1450 788 1622 829 magnae
1653 784 1695 813 et
1726 788 1791 813 au-

112 844 303 886 stralibus
334 845 512 886 Sibiriae
542 845 645 886 citra
676 848 830 885 Lenam
849 875 859 891 ,
900 857 945 885 ut
972 857 1017 886 et
1044 861 1119 902 per
1148 861 1314 888 omnem
1347 849 1568 890 Ucraniam
1586 880 1597 896 ‚
1630 848 1792 903 Volhy-

112 920 224 961 niam
255 933 296 961 et
332 921 549 961 Podoliam
580 920 914 975 frequentissima
952 933 1039 971 est,
1097 923 1252 963 Martio
1280 927 1363 977 jam
1395 925 1444 964 ab
1475 937 1610 964 austro
1642 925 1792 964 adven-

111 1007 225 1046 tans,
282 1008 325 1036 et
365 1011 439 1052 per
481 995 595 1052 paria
640 1011 681 1036 se
725 996 995 1052 dispergens,
1055 1008 1252 1038 autumno
1295 999 1508 1040 turmatim
1555 999 1794 1054 remigrans.

113 1075 294 1128 Hyemat
322 1083 486 1120 autem,
527 1072 792 1128 potissimum
821 1072 992 1126 quidem
1024 1085 1141 1114 extra
1172 1074 1344 1129 Imperii
1373 1074 1528 1114 limites
1559 1074 1602 1115 in
1634 1075 1796 1115 Molda-

111 1147 205 1197 via,
237 1148 460 1197 Anatolia,
494 1146 657 1194 Persia,
685 1147 880 1194 Tataria,
913 1148 1154 1202 Mongofia,
1188 1150 1259 1188 sed
1290 1160 1431 1189 tamen
1461 1149 1681 1203 quotannis
1714 1165 1796 1188 ma-

112 1238 194 1278 gno
223 1238 394 1263 numero
426 1222 673 1276 commigrat
701 1222 744 1263 in
776 1221 1081 1263 Chersonesum
1109 1224 1354 1274 Tauricam,
1387 1224 1459 1264 ubi
1489 1239 1617 1280 usque
1647 1225 1698 1264 ad
1728 1224 1799 1265 fri-

110 1312 208 1353 gora
237 1297 280 1337 in
309 1297 532 1352 campestri
564 1296 759 1351 regione,
794 1296 1012 1350 ingruente
1043 1299 1187 1337 bruma
1218 1297 1262 1338 in
1293 1314 1363 1338 ora
1394 1311 1611 1339 montuosa
1643 1311 1685 1339 et
1716 1300 1796 1355 syl-

110 1372 235 1414 vastri
268 1372 470 1428 gregatim
501 1383 698 1412 versatur.
771 1371 944 1412 Mitiore
978 1371 1132 1427 hyeme
1163 1373 1292 1414 etiam
1323 1373 1367 1414 in
1405 1375 1698 1415 Astracanensi
1728 1377 1798 1417 de-

109 1460 247 1498 serto,
315 1447 560 1504 praesertim
603 1463 701 1488 vero
744 1447 854 1488 circa
903 1448 1079 1488 Cumam
1122 1459 1166 1488 et
1206 1452 1338 1490 Terec
1382 1449 1528 1490 fluvios
1574 1449 1798 1506 hybernat.

112 1526 289 1578 Quando
317 1525 493 1565 nebulae
511 1558 521 1572 ‚
562 1525 630 1564 vel
659 1523 801 1579 pluvia
831 1539 925 1564 cum
960 1524 1055 1578 gelu
1086 1523 1223 1564 subito
1253 1524 1474 1572 incidunt,
1514 1526 1681 1581 piumae
1712 1526 1798 1567 illis

111 1599 223 1640 circa
251 1600 437 1654 jugulum
467 1610 509 1640 et
538 1599 582 1639 in
612 1600 733 1639 dorso
764 1614 895 1639 crassa
929 1599 1062 1653 glacie
1093 1599 1371 1640 incrustantur
1402 1601 1534 1648 adeo,
1576 1613 1621 1642 ut
1651 1603 1798 1643 subvo-

112 1675 198 1715 lare
228 1686 461 1730 nequeant,
516 1675 583 1714 vel
614 1674 648 1713 si
678 1675 896 1714 subvolent
925 1691 946 1714 a
981 1676 1166 1729 pondere
1204 1675 1356 1729 glaciei
1386 1678 1522 1718 denuo
1564 1677 1797 1733 depriman-

113 1762 192 1792 tur.
263 1754 382 1791 Tunc
411 1750 456 1790 in
485 1749 638 1790 Tauria
666 1749 837 1790 canibus
866 1761 907 1789 et
938 1750 1126 1789 manibus
1157 1750 1377 1805 capiuntur
1406 1768 1675 1802 numerosae,
1729 1753 1798 1792 vel

114 1826 288 1867 fustibus
317 1826 575 1875 occiduntur,
607 1837 649 1866 et
676 1824 721 1865 in
752 1826 884 1865 forum
916 1825 1179 1865 advehuntur
1209 1825 1346 1880 plenis
1381 1825 1601 1877 vehiculis,
1642 1826 1797 1882 partim

113 1902 260 1950 vivae,
301 1901 455 1957 partim
498 1916 653 1943 caesae.
728 1903 877 1955 Neque
920 1912 1018 1941 tunc
1061 1900 1104 1941 in
1147 1916 1295 1957 campo
1340 1901 1626 1957 deprehensae
1657 1903 1796 1942 volare

114 1988 304 2028 tentant,
349 1979 421 2017 sed
451 1977 616 2018 homini
645 1992 688 2017 se
719 1988 963 2032 opponunt,
1008 1977 1150 2018 hiante
1180 1989 1310 2018 rostro
1341 1989 1383 2017 et
1411 1977 1497 2018 ictu
1528 1977 1797 2018 humerorum

115 2052 405 2094 minabundae.
475 2052 748 2107 Rigidissima
778 2052 931 2107 hyeme
962 2053 1059 2093 anni
1097 2060 1208 2094 1803.
1239 2053 1283 2093 in
1313 2052 1464 2092 Tauria
1494 2068 1621 2108 usque
1653 2053 1695 2092 in
1726 2068 1795 2108 op-

113 2127 213 2183 pida
241 2138 283 2167 et
311 2143 437 2183 pagos
477 2128 772 2182 confugiebant
800 2140 843 2168 et
870 2129 913 2168 iu
944 2129 1065 2168 tectis
1107 2128 1394 2169 considebant.
1467 2132 1518 2169 Et
1548 2129 1697 2183 frigore
1727 2143 1796 2184 pe-

114 2202 272 2243 rierunt
314 2202 426 2261 haud
467 2218 636 2257 paucae.
708 2203 856 2256 Aliqui
898 2204 1100 2252 referunt,
1146 2218 1278 2243 mares
1309 2219 1396 2243 esse
1425 2205 1668 2259 polygamos
1699 2219 1793 2243 cum

112 2278 326 2333 pruriunt,
372 2278 484 2332 quod
514 2292 564 2318 eo
594 2277 728 2318 minus
755 2281 909 2327 credo,
953 2279 1064 2333 quod
1095 2292 1190 2318 vere
1222 2290 1263 2317 et
1291 2290 1478 2333 tempore
1509 2278 1792 2319 incubationis

112 2352 158 2393 in
189 2352 362 2393 desertis
392 2354 637 2408 plerumque
668 2369 742 2408 per
771 2354 884 2409 paria
916 2355 1174 2394 ambulantes
1205 2353 1397 2393 viderim.
1460 2355 1629 2395 Certum
1658 2365 1796 2395 autem

112 2428 239 2469 uestri
268 2440 455 2485 tempore
485 2444 614 2470 mares
645 2445 826 2486 expansa
854 2429 1013 2472 flabelli
1043 2444 1155 2471 more
1185 2431 1313 2471 cauda
1344 2429 1555 2487 superbire
1573 2461 1583 2480 ,
1630 2441 1672 2470 et
1702 2445 1798 2471 con-

1306 2515 1352 2549 13
