2175 2931
852 162 996 183 ,22:12
1662 165 1682 204 3
1692 167 1716 194 0
1727 168 1745 194 χ

75 262 191 303 rior-is
221 272 263 300 et
291 275 405 300 mino
435 258 644 300 inferiorjs
674 275 799 315 usquo
831 261 881 300 ad
910 259 1061 301 rictum
1089 260 1224 302 nudis.
1295 262 1402 304 Gula
1430 275 1517 304 tota
1545 265 1747 320 plumosa.

72 341 221 378 Forma
263 347 306 377 et
346 336 474 391 pedes
517 347 662 376 axaote
705 339 749 376 P.
794 336 962 390 graculi.
1035 339 1192 391 Corpus
1221 336 1265 377 in
1296 339 1474 380 maribus
1505 352 1660 388 atrum,
1703 340 1748 380 in

69 424 240 468 pectore
270 424 311 453 et
342 412 451 453 collo
481 426 574 451 cum
605 411 744 466 aliquo
774 412 924 453 virore.
996 414 1169 453 Alam-um
1210 412 1441 454 vestitiices
1484 415 1748 456 exsoletioris

68 488 240 536 coloris,
283 486 468 543 margine
512 486 698 542 undique
741 499 865 528 atrae.
939 489 1063 530 Circa
1099 488 1241 530 oculos
1270 490 1482 545 plumulae
1515 505 1591 531 ceu
1621 495 1748 532 atomi.

69 563 197 618 sparsi
228 564 358 604 albae.
430 565 507 603 Per
536 562 709 609 collum,
757 575 922 618 pectus,
976 565 1104 604 latera
1136 575 1283 620 puncta
1314 581 1450 620 sparsa
1482 567 1596 616 alba,
1641 580 1746 622 quae

68 638 295 679 consistunt
327 643 525 694 penicillis
555 637 739 692 exiguis,
770 639 926 678 serulae
957 638 1247 687 tenuissimae,
1290 640 1401 681 inter
1428 642 1588 696 plumas
1618 656 1746 681 emer-¹

65 713 182 767 genti
214 714 505 755 insidentibus.
578 716 765 769 Remiges
796 716 900 754 duae
933 713 1117 754 extimae
1148 726 1337 756 extremo
1367 728 1626 771 angustatae‚
1669 715 1746 757 mi-

65 803 140 828 nus
169 799 331 837 tamen,
363 805 487 844 quam
515 789 559 830 in
590 790 792 832 Carbone.
853 792 1054 830 Reccrices
1089 807 1147 829 12.
1178 790 1338 844 rigidae
1367 791 1411 831 in
1441 793 1570 833 cauda
1599 791 1744 832 simili-

65 875 129 904 ter
157 877 331 905 cuneata
360 877 402 905 et
432 866 644 920 elongata,
696 877 741 906 ut
770 864 1086 920 congeneribus.
1161 867 1320 920 Unguis
1351 867 1524 908 secundi
1555 868 1662 907 acies
1694 869 1746 907 ad

63 957 78 989 ἒ
109 941 321 981 serrulata.
379 941 599 996 Specimen
630 942 890 982 Gmelinus·
911 944 997 998 jun.
1033 941 1170 986 misit,
1224 941 1293 981 cui
1322 943 1437 982 color
1468 944 1580 982 fusco
1611 942 1742 996 niger,

63 1031 159 1057 cum
200 1015 413 1072 penicillis
458 1017 562 1058 albis
605 1017 870 1072 sparsissimis
915 1016 1024 1057 circa
1068 1018 1224 1057 collum
1266 1029 1308 1057 et
1336 1017 1380 1057 in
1409 1016 1747 1073 hypochonclriis

60 1093 302 1142 Foeminae,
347 1108 446 1147 quas
475 1092 605 1134 habui
634 1104 745 1133 totae
775 1093 940 1141 fuscae,
978 1092 1045 1132 vel
1075 1093 1263 1134 obsolete
1295 1092 1597 1148 nigrescentes,
1642 1107 1744 1148 pun-

59 1167 136 1208 ctis
168 1168 271 1210 albis
301 1169 440 1210 nullis.

62 1291 174 1336 365.
251 1292 285 1334 P
314 1293 360 1336 H
389 1294 429 1336 A
460 1294 493 1337 L
528 1294 570 1337 A
601 1291 639 1337 C
671 1294 708 1336 R
740 1294 780 1335 O
810 1292 848 1337 C
879 1294 920 1336 O
949 1294 988 1336 R
1018 1294 1058 1335 A
1087 1293 1131 1335 X
1205 1294 1555 1336 bicriStutch.
1607 1292 1738 1335 TAB.

668 1380 858 1423 LXXV.
923 1374 1012 1438 fig.
1081 1393 1126 1426 2.

195 1474 239 1512 P.
269 1483 356 1513 atro
375 1497 387 1502 -
405 1471 637 1513 violascens
667 1471 773 1512 facie
803 1482 891 1512 tota
922 1472 1032 1511 nuda
1062 1471 1194 1521 fulva,
1226 1469 1560 1526 hypochondriis
1590 1470 1709 1512 albis.

279 1548 436 1589 Corvus
467 1546 680 1602 aquaticus
711 1545 848 1586 minor
877 1561 947 1586 seu
977 1546 1193 1593 Graculus,
1234 1548 1389 1587 steller.
1417 1548 1503 1586 MS.

277 1622 394 1669 Uril,
452 1622 792 1673 Kraschenim‘lzof
814 1622 1019 1661 Camtsch.

275 1697 601 1752 Violet-Shag,
655 1699 843 1737 Latlzam.
886 1712 951 1738 av.
997 1698 1067 1737 VI.
1098 1713 1136 1753 p.
1170 1702 1262 1737 600.
1293 1712 1331 1738 n.
1368 1701 1428 1737 16.
1467 1697 1586 1738 Penn.
1617 1697 1736 1739 Zool.

330 1784 430 1813 arch.
462 1775 516 1813 Π.
547 1789 585 1828 p.
619 1779 708 1822 584.
739 1773 796 1814 Β.

166 1848 308 1890 Rossis
339 1849 384 1889 in
416 1846 709 1891 Camtschatca
743 1849 867 1903 Uriy‘l
896 1862 968 1889 seu
1000 1848 1245 1907 Tschernajcz
1274 1849 1598 1904 Kuropatschha.

166 1924 320 1965 Curilis
354 1925 456 1965 Uril.
517 1923 711 1965 Coraecis
727 1926 875 1966 Gilkul.

165 1998 746 2055 CamtschadalisJudschgyt3
778 2000 1108 2042 occidentalibus
1122 2002 1310 2055 Urilhyk.
1341 1999 1737 2057 AleutisAjaschz'ck.

193 2078 310 2115 Hanc
355 2075 540 2130 speciem
595 2077 867 2126 stellerus,
924 2077 996 2132 qui
1036 2093 1112 2133 pro
1147 2079 1378 2118 Auctorum
1418 2076 1598 2117 Graculo
1640 2090 1740 2115 eam

55 2149 228 2200 habuit,
285 2149 613 2205 copiosissimam
658 2151 702 2192 in
746 2151 1062 2193 Camtschatcae
1106 2152 1404 2208 promontoriis
1445 2151 1733 2200 orientalibus,

55 2225 201 2267 insulis
244 2240 382 2265 versus
427 2226 668 2267 Americam
713 2226 860 2282 sparsis
903 2237 945 2266 et
989 2227 1079 2282 ipso
1122 2227 1344 2268 Americae
1372 2227 1515 2267 littore
1542 2225 1732 2272 invenit3

58 2301 169 2342 circa
200 2301 362 2342 Curilas
391 2301 543 2341 insulas
575 2301 703 2342 rarior
733 2313 807 2342 est.
880 2302 1120 2358 Specimina
1164 2301 1331 2358 copiosa
1359 2302 1518 2343 ibidem
1548 2301 1653 2357 legit
1680 2304 1739 2342 D.

56 2378 111 2419 D.
139 2378 214 2420 Me
227 2379 279 2418 rlz
322 2388 364 2419 et
412 2377 578 2418 iconem
608 2379 660 2418 ad
689 2377 831 2420 vivum
859 2379 951 2419 fieri
981 2378 1153 2419 curavit.
1227 2377 1516 2420 Stolodissima
1545 2390 1608 2420 est
1634 2377 1736 2428 avis,
