2175 2931
843 186 986 200 --
1659 186 1744 229 243

207 287 255 325 In
283 282 525 340 temperatis
553 283 681 324 totius
713 283 866 325 deserti
897 284 1066 341 caspici,
1096 284 1258 327 tatarici
1292 295 1335 326 et
1349 285 1594 340 mongolici,
1628 287 1748 328 adeo-

71 375 150 417 que
180 359 494 400 verosimillime
523 374 597 414 per
625 374 793 400 omnem
835 360 1078 401 interiorem
1109 361 1254 402 Asiam
1295 361 1578 415 vulgatissima
1615 361 1659 402 in
1688 361 1747 403 vi-

69 435 180 477 cinia
210 435 426 475 fluminum
455 446 498 474 et
526 435 703 475 lacuum.
776 438 902 491 Apud
932 452 1004 477 nos
1032 437 1168 492 primo
1198 452 1294 477 vere
1323 451 1376 476 ex
1407 448 1542 477 austro
1576 453 1651 493 per
1678 455 1748 495 pa-

69 512 130 552 ria
161 512 380 559 advolant,
410 525 486 550 nec
519 510 642 550 facile
673 511 780 551 ultra
811 519 860 552 53
890 513 1062 566 gradum
1091 512 1325 553 latitudinis
1364 513 1623 554 adscendunt
1662 530 1748 555 mas

73 598 115 627 et
145 586 327 627 f0emina
356 585 655 640 inseparabiles
686 586 802 626 socii.
890 587 1145 626 Nidulantur
1186 587 1231 627 in
1276 587 1403 627 antris
1448 591 1747 631 Marmotarum

69 661 298 703 aliorumve
329 661 571 701 animalium
603 661 806 710 desertis,
837 661 881 700 in
912 661 1099 701 cavernis
1129 664 1408 717 rupest1·ibus‚
1450 664 1746 720 arboribusque

69 736 293 783 excavatis,
322 737 432 776 unde
463 736 562 776 dein
592 740 728 791 pullos»
752 747 883 777 rostro
915 738 1097 777 sublatos
1127 739 1178 777 ad
1209 753 1330 792 aquas
1362 740 1595 794 deportant.
1655 741 1746 780 Ova

67 813 173 853 alba.
232 814 445 852 Autumno
475 826 498 851 e
526 811 695 867 primis,
728 828 823 852 cum
852 813 991 868 prole,
1022 827 1161 852 versus
1193 824 1372 853 austrum
1402 815 1636 855 revertitur.
1699 819 1747 856 In

69 887 221 928 Sibiria
250 888 492 943 praesertim
523 889 758 943 frequentat
788 887 926 943 aprica
977 889 1029 928 ad
1056 887 1264 928 Jeniseam
1307 900 1350 928 et
1378 889 1484 929 ultra
1522 890 1749 938 Baicalem,

66 963 139 1003 ubi
168 963 278 1002 inter
307 977 427 1018 rupes
458 962 659 1004 nidificat.
732 966 780 1003 In
810 963 1048 1004 borealibus
1076 978 1287 1017 nunquam
1318 975 1503 1018 apparet.
1576 966 1748 1006 Volatus

67 1038 283 1079 diuturnus
313 1049 355 1077 et
384 1038 513 1089 levis,
559 1050 604 1079 ut
634 1038 948 1095 praecedentis3
991 1055 1074 1080 vox
1117 1038 1228 1078 inter
1256 1039 1508 1089 volandum,
1554 1041 1621 1080 vel
1651 1055 1745 1080 cum

65 1113 286 1154 considens
314 1115 525 1164 turbatur,
572 1115 744 1169 clange,
785 1114 909 1168 longe
952 1113 1241 1163 exaudienda,
1288 1114 1480 1154 tubarum
1526 1116 1747 1156 Clarinette

67 1189 272 1229 dictarum
302 1190 568 1239 subaemuhz,
614 1191 723 1230 unde
754 1200 796 1229 et
824 1200 994 1244 propter
1021 1189 1322 1229 sacerdotalem
1360 1190 1545 1230 colorem
1582 1191 1749 1245 gentili-

64 1265 139 1304 bus
169 1263 380 1318 Mongolis
411 1275 453 1303 et
483 1265 718 1305 Calmuccis
748 1280 861 1304 sacra
892 1265 992 1304 avis.
1065 1267 1251 1304 Incessus
1295 1265 1489 1319 elegans,
1531 1267 1615 1305 fere
1645 1265 1747 1320 galli

64 1338 311 1394 gallinacei,
356 1339 467 1379 celer
498 1350 540 1379 et
570 1338 738 1380 habilis.
821 1339 1038 1380 Cicuratae
1078 1354 1289 1393 nunquam
1333 1340 1595 1394 promicant,
1638 1341 1744 1383 licet

65 1414 138 1455 diu
167 1414 309 1454 vivant
338 1425 381 1454 et
409 1430 486 1454 ova
516 1414 725 1454 interdum
755 1414 932 1470 pariant.
1004 1415 1135 1468 quue
1166 1429 1215 1453 eo
1247 1414 1378 1468 magis
1410 1415 1586 1464 mirum,
1619 1431 1747 1471 quum

64 1492 177 1531 Anas
208 1490 450 1544 aegyptiaca
481 1492 684 1541 (Brisson.
718 1506 800 1531 orn.
833 1492 896 1531 VJ.
929 1506 967 1544 p.
1001 1496 1091 1539 284.
1123 1489 1206 1529 tab.
1249 1492 1359 1542 27.),
1405 1488 1505 1530 huic
1536 1506 1746 1545 quamma-

65 1565 178 1606 xime
209 1563 370 1611 affinis,
400 1563 575 1610 habitu,
605 1564 791 1612 incessu,
824 1565 990 1610 colore,
1034 1578 1135 1604 voce
1155 1595 1164 1612 ,
1210 1563 1337 1603 etiam
1368 1568 1564 1605 Moscuae
1602 1577 1644 1606 et
1674 1571 1746 1607 Pe-

63 1640 217 1696 tropoli
246 1639 290 1678 in
320 1638 674 1694 ornithotrophiis
703 1639 876 1678 incubet
906 1650 948 1678 et
977 1639 1136 1693 prolem
1167 1639 1368 1694 perficiat.
1447 1643 1494 1679 In
1525 1656 1574 1681 eo
1606 1654 1744 1684 autem

63 1732 157 1757 cum
188 1715 267 1755 hac
298 1714 533 1763 consentit,
577 1715 713 1769 quod,
754 1714 788 1753 si
819 1714 901 1753 alas
932 1713 1123 1752 mutilare
1153 1713 1414 1768 neglexeris,
1462 1727 1658 1758 autumno
1691 1733 1744 1759 ex

63 1789 414 1845 ornithotmphiis
444 1804 566 1844 saepe
609 1791 729 1830 abeat
770 1789 815 1829 in
855 1788 1076 1828 calidiores
1106 1789 1320 1843 regiones3
1363 1789 1489 1844 idque
1527 1806 1649 1847 saepe
1686 1794 1742 1832 fa-

64 1879 177 1908 ctum
219 1877 280 1905 est
319 1865 364 1905 in
404 1864 536 1905 hortis
576 1865 864 1921 imperialibus
909 1863 1201 1904 Saraevillanis
1246 1866 1440 1916 (Sarskoe
1484 1867 1625 1919 Sele),
1666 1869 1740 1908 ubi

64 1944 194 1982 Diva
224 1942 619 1982 CATHARINA
651 1944 704 1980 ΙΙ.
735 1943 986 1995 Augusta,
1019 1940 1245 1979 clementia
1275 1952 1320 1980 ut
1350 1952 1436 1980 erat
1465 1956 1599 1996 paene
1631 1942 1738 1982 divi-

63 2034 144 2067 na,
189 2030 282 2070 erga
312 2017 431 2056 bruta
461 2031 623 2070 quoque
667 2028 710 2057 et
744 2015 958 2065 volatilia,
1009 2015 1153 2055 avibus
1198 2015 1377 2056 exoticis
1419 2017 1611 2058 mutilare
1655 2019 1738 2059 alas

63 2092 305 2150 permittere
336 2090 447 2131 haud
478 2092 650 2132 solebat.
1116 2152 1118 2154 v

202 2169 370 2207 Descr.
428 2168 522 2206 Mas
551 2183 573 2206 a
604 2167 785 2207 foemina
823 2166 967 2206 differt
1009 2166 1296 2220 magnitudine
1338 2180 1381 2208 et
1419 2168 1735 2224 pulchritudine

63 2242 351 2291 eminentiore,
383 2253 425 2282 et
454 2253 601 2297 torque
631 2242 740 2282 circa
770 2241 955 2281 medium
985 2241 1138 2281 collum
1170 2241 1300 2296 nigra,
1331 2258 1436 2298 quae
1465 2245 1588 2299 plane
1620 2246 1736 2285 deest

64 2317 270 2360 foeminis.
341 2320 529 2358 Rostrum
559 2318 760 2373 pedesque
790 2317 919 2372 nigra.
990 2318 1124 2372 Caput
1154 2332 1246 2357 cum
1285 2317 1409 2359 initio
1452 2320 1553 2361 colli
1595 2321 1732 2370 albet,

61 2396 194 2436 fronte
226 2404 268 2433 et
297 2393 414 2449 genis
443 2393 515 2434 vix
544 2393 855 2436 lutescentibus.
924 2393 1052 2434 Iricles
1083 2393 1502 2436 fusco-latescentes.
1576 2398 1735 2438 Collum

1276 2480 1294 2498 ὃ
