2175 2931
922 217 1067 242 -.—-.-·.·-·
1775 206 1833 256 67

298 321 417 360 ferna
448 328 489 358 et
518 319 790 358 autumnalis:
831 327 1001 372 pectore
1032 328 1073 357 01
1105 315 1180 356 3115
1208 313 1390 371 primum
1423 314 1621 363 candida,
1659 310 1826 357 sensim-

143 411 223 452 que
261 395 414 452 plumis
445 393 549 434 albis
581 393 625 433 in
653 392 816 447 reliquo
845 407 1016 447 corpore
1047 391 1308 447 variegatae3
1351 392 1521 431 demum
1552 391 1692 438 albae,
1737 391 1826 445 plu-

144 471 222 512 mis
252 471 398 527 sparsis
441 469 634 510 coloratis
677 484 797 524 supra
828 480 871 508 et
899 469 942 508 in
972 469 1082 508 collo
1113 468 1369 517 maculosae,
1428 477 1473 506 ut
1502 465 1546 506 in
1574 465 1826 506 Americana

149 550 196 588 E.
228 546 424 603 depinxit
454 545 714 587 Edwards.

284 623 513 676 Hybernis:
542 623 752 667 Rostrum,
783 631 828 661 ut
857 620 1051 668 aestivis,
1084 620 1320 675 nigrescens
1351 620 1415 674 <in
1444 634 1555 660 mare
1585 617 1826 672 robustius).

145 701 337 755 Corporis
372 697 500 738 totius
530 701 691 753 plumae
721 696 911 737 candoris
955 696 1212 746 intemerati,
1258 696 1347 738 sine
1379 697 1464 737 ulla
1491 695 1616 735 litura
1647 695 1714 734 vel
1746 710 1827 734 ma-

143 775 249 816 cula.
307 776 550 829 Supercilia,
595 784 640 812 ut
669 771 859 822 aestivis,
900 772 984 812 late
1014 773 1144 819 nuda,
1174 772 1333 823 lunata,
1377 770 1601 829 plicatilis‚
1631 770 1827 811 cinnaba-

143 850 253 900 rina,
297 860 390 890 cute
420 847 666 899 tenerrima,
711 847 981 889 subtilissime
1023 847 1250 904 papillosa,
1301 864 1421 904 supra
1450 848 1672 888 terminata
1701 847 1826 887 limbo

142 925 410 973 tenuissimo,
450 925 606 975 libero,
649 924 888 965 denticellis
942 914 1141 965 mollibus
1169 923 1367 964 confertis
1396 923 1555 964 ciliato.
1628 921 1830 976 (Strigam

142 1002 303 1056 nigram
346 1018 367 1042 a
409 1012 539 1042 rostro
580 1015 655 1056 per
696 1001 859 1050 oculos,
902 1015 1027 1054 quam
1068 1002 1133 1042 Ill.
1178 1001 1383 1052 Buffon.
1427 1001 1531 1051 (orn.
1562 1000 1615 1037 IL
1647 1015 1685 1054 p.
1718 1000 1827 1051 267.)

142 1075 325 1117 maribus
353 1076 524 1125 tribuit,
554 1092 764 1131 nunquam
794 1091 870 1116 nec
898 1076 943 1116 in
972 1075 1223 1116 nostratibus
1254 1075 1461 1123 millenis,
1492 1088 1626 1128 neque
1656 1072 1700 1112 in
1731 1088 1828 1114 exo-

142 1152 238 1193 ticis
284 1150 392 1192 mihi
435 1151 536 1192 visis
577 1153 796 1191 observare
841 1151 994 1206 potui.)
1053 1153 1240 1204 Remiges
1272 1158 1335 1191 23.
1367 1149 1827 1203 (Messersckmidio

147 1232 231 1281 26.)
275 1227 458 1267 extimae
491 1234 528 1266 5.
558 1227 734 1267 interius
765 1243 787 1267 a
816 1227 906 1267 basi
937 1225 1123 1266 falcatim
1166 1225 1352 1275 excisae,
1386 1224 1645 1266 acuminatae
1676 1236 1718 1264 et
1747 1223 1829 1279 pri-

143 1302 298 1343 mariae
331 1320 368 1354 9.
398 1302 466 1342 vel
497 1317 660 1351 omnes,
693 1302 761 1341 vel
793 1301 956 1356 aliquae
988 1299 1253 1355 (praesertim
1283 1316 1304 1339 a
1335 1308 1356 1341 3
1390 1301 1442 1340 ad
1472 1307 1515 1346 5,
1546 1298 1672 1338 etiam
1706 1298 1827 1339 mari-

140 1381 236 1434 bus)
268 1378 495 1419 rhachibus
526 1394 664 1434 supra,
717 1376 857 1417 saltim
887 1377 931 1416 in
962 1375 1103 1427 medio
1131 1376 1320 1430 plumae,
1366 1374 1513 1429 nigris,
1556 1389 1680 1430 saepe
1713 1390 1827 1416 acce-

142 1456 266 1495 dente
312 1470 449 1495 versus
493 1454 656 1511 apicem
698 1453 824 1493 etiam
866 1452 990 1492 litura
1030 1450 1181 1491 lineari
1222 1452 1450 1491 secundum
1487 1449 1666 1490 rhachin
1696 1449 1827 1505 nigra.

138 1533 188 1571 In
228 1530 477 1586 quibusdam
517 1542 659 1570 tamen
690 1529 871 1570 maribus
900 1543 1043 1569 omnes
1072 1526 1248 1582 remiges
1279 1542 1375 1567 cum
1405 1525 1555 1567 rliachi
1585 1525 1826 1566 candidissi-

143 1621 247 1655 mae,
281 1618 322 1646 et
351 1605 517 1646 fem-inis
548 1620 711 1661 semper
739 1603 917 1645 rhaches
946 1603 1153 1658 remigum
1181 1613 1342 1643 tantum
1372 1604 1619 1643 fuscescunt.
1677 1604 1830 1643 11001νί-

143 1698 208 1723 ces
246 1689 303 1722 16.
336 1681 528 1737 aequales
568 1695 709 1730 verae,
764 1691 806 1719 et
838 1697 881 1729 2,
916 1680 983 1719 vel
1027 1679 1240 1719 interdum
1271 1686 1309 1720 3.
1341 1694 1463 1734 supra
1504 1677 1663 1718 medias
1695 1692 1829 1718 acces-

144 1762 301 1803 soriae;
331 1757 522 1797 laterales
552 1742 956 1811 utrinque'septem,
988 1756 1198 1810 aequales,
1230 1754 1474 1794 latiusculae
1504 1755 1668 1808 nigrae,
1706 1753 1824 1808 apice

146 1834 215 1873 vel
243 1832 429 1888 margine
459 1831 673 1873 terminali
704 1831 798 1871 albo
829 1831 897 1871 vel
927 1830 1141 1878 omnibus,
1171 1831 1241 1870 vel
1269 1829 1501 1869 mediarum
1517 1828 1733 1883 proximis,
1766 1828 1826 1868 ita

142 1920 189 1949 ut
223 1908 268 1948 in
299 1908 576 1949 exterioribus
608 1907 758 1948 albedo
788 1906 941 1947 sensim
971 1907 1208 1954 decrescat3
1239 1906 1395 1946 mediae
1425 1905 1550 1960 paulo
1581 1903 1827 1950 debiliores,

141 1984 432 2040 longioresque
472 1997 513 2025 et
541 1984 611 2025 vel
638 1983 722 2024 ima
751 1982 840 2023 basi
870 1983 940 2023 vel
968 1997 1090 2037 saepe
1122 1982 1226 2021 ultra
1255 1980 1439 2021 medium
1471 1981 1620 2029 fuscae,
1653 1979 1719 2018 vel
1748 1978 1825 2018 eti-

144 2076 210 2099 am
241 2061 326 2100 sola
354 2060 503 2101 rhachi
533 2072 602 2101 aut
631 2059 801 2114 obliqua
829 2059 952 2114 plaga
982 2059 1144 2108 fuscae,
1178 2057 1246 2097 vel
1277 2055 1458 2110 denique
1492 2066 1575 2096 tota
1606 2054 1829 2103 candidae,

142 2135 326 2175 maxime
359 2136 535 2177 rossicis.
606 2137 867 2176 Accessoriae
902 2133 1095 2173 rectrices
1128 2151 1148 2172 2
1180 2133 1248 2173 vel
1280 2138 1316 2172 3.
1347 2132 1593 2187 plerumque
1623 2141 1736 2171 totae
1768 2131 1823 2171 al-

142 2213 238 2261 bae,
272 2213 339 2251 vel
371 2212 456 2252 sola
486 2210 637 2251 rhachi
666 2225 806 2249 versus
835 2207 972 2257 basin,
1005 2209 1196 2248 areolave
1227 2209 1353 2247 fusca.
1412 2210 1459 2245 In
1490 2206 1633 2246 avibus
1660 2205 1824 2246 rossicis

142 2288 266 2344 paulo
296 2286 524 2327 minoribus
553 2286 797 2341 plerumque
828 2282 1146 2324 accessoriarum
1176 2298 1256 2322 una
1287 2282 1515 2331 abortiens,
1573 2283 1642 2322 vel
1671 2276 1837 2331 minor,-

140 2378 354 2419 nunquam
383 2374 464 2403 tres
496 2361 715 2416 aequales;
769 2359 979 2399 interdum
1008 2371 1147 2399 tamen
1176 2357 1247 2408 iis,
1300 2372 1404 2412 quae
1435 2357 1592 2398 medias
1624 2357 1820 2398 rectrices

139 2450 180 2479 et
211 2438 386 2494 remiges
418 2438 574 2480 habent
604 2434 936 2485 candidissimas,
980 2435 1143 2491 aliquae
1173 2434 1394 2476 tectricum
1424 2444 1557 2475 tractu
1584 2444 1816 2474 transverso

1357 2521 1376 2541 t
