2175 2931
393 169 403 173 “
429 172 443 197 J
450 170 475 196 O
1162 168 1306 192 ‘'⁶——-—-—-·''⁸'*''“

387 280 631 324 appareant,
665 279 708 307 et
738 266 877 306 medio
905 264 1005 306 Julii
1036 265 1245 320 pullorum
1276 263 1660 312 stolidissimorum,
1696 264 1741 305 in
1772 264 1898 306 crisso
1929 269 2071 307 seden-

385 343 514 394 tium,
558 342 752 383 examine
782 352 918 381 tectae
950 352 1067 389 sunt,
1109 340 1183 381 ubi
1212 340 1401 381 manibus
1431 340 1554 381 facile
1585 340 1823 397 capiuntur,
1866 340 1967 381 licet
1996 341 2072 382 alis

382 422 466 473 jam
496 417 706 474 pennatis,
741 428 784 456 et
815 433 836 456 e
868 416 1038 473 rupibus
1074 418 1262 471 dejectae
1289 427 1430 456 natent
1447 428 1568 472 atque
1582 416 1799 456 urinentur
1815 415 2069 458 doctissime.

523 494 692 533 Descr.
737 493 1022 547 Magnitudine
1052 493 1182 548 priori
1211 493 1457 548 plerumque
1487 507 1571 532 non
1602 491 1736 540 cedit,
1792 490 1891 532 licet
1922 492 2073 532 dentur

384 567 566 608 minores
597 580 638 609 et
668 569 829 625 pondus
859 583 954 609 cum
984 567 1272 623 magnitudine
1304 583 1433 623 aeque
1464 567 1610 608 variet.
1670 569 1790 617 Lora,
1824 583 1919 608 area
1933 568 2072 609 oculo-

384 659 475 684 rum
504 656 546 684 et
569 648 673 699 gula
703 646 833 692 nuda,
880 643 1339 685 livido-flavescentia.
1416 645 1553 699 Caput
1582 643 1821 698 collumque
1851 643 1965 684 fusco
1983 644 2071 685 -ni·

385 719 567 774 gricant,
616 720 726 760 circa
756 722 894 775 gulam
926 720 1083 761 circulo
1114 719 1338 760 albicante.
1408 721 1532 760 Dorsi
1561 719 1728 775 plumae
1758 729 1803 758 ut
1830 717 1873 758 in
1904 733 2071 774 praece-

385 796 528 846 denti,
562 807 603 836 at
632 796 769 836 minus
799 796 983 843 nitidae3
1026 795 1166 836 subtus
1195 810 1343 850 corpus
1373 795 1551 850 nigricat
1580 795 1647 834 vel
1676 794 1891 842 fuscescit,
1929 795 2071 837 medio

383 871 748 927 longitudinaliter
779 872 873 912 albo
904 871 1137 921 lituratum,
1197 870 1412 910 interdum
1440 869 1563 909 latius
1595 870 1749 909 album.
1820 872 2070 926 Hypoclzon-

385 947 477 987 dria
507 948 559 987 ad
588 948 745 988 femora
775 947 975 1004 plumulis
1005 946 1165 1002 aliquot
1194 945 1614 1002 penicilliformibus,
1671 944 1797 994 albis,
1841 945 1913 985 vix
1942 961 2071 987 emer-

382 1023 576 1077 gentibus
616 1034 814 1078 punctata
855 1026 957 1075 (non
987 1023 1032 1063 in
1062 1021 1290 1074 omnibus).
1363 1021 1528 1070 Gauda,
1587 1030 1633 1060 ut
1681 1019 1725 1060 in
1769 1023 2068 1076 praecedente,

382 1097 538 1152 rigida,
572 1100 809 1148 rotundatu,
844 1114 1073 1154 pennarum
1104 1113 1226 1153 saepe
1263 1106 1321 1147 14.
1352 1097 1599 1152 plerumque
1637 1113 1695 1136 12.
1755 1098 1946 1138 Rostrum
1974 1113 2070 1153 pau-

381 1172 425 1213 lo
454 1173 637 1223 tenuius,
670 1173 887 1230 minusque
916 1173 1181 1221 uncinaturn‚
1212 1187 1316 1228 quae
1347 1183 1488 1212 tamen
1519 1171 1759 1212 differentia
1783 1172 1855 1212 vix
1885 1184 2069 1228 apparet.

385 1249 546 1304 Unguis
587 1249 718 1290 medii
763 1253 855 1303 (seu
899 1249 1090 1301 secundi)
1136 1248 1261 1303 digiti
1291 1247 1380 1289 acie
1410 1248 1621 1297 obsoleta,
1671 1246 1890 1302 minusque
1921 1249 2068 1289 crebro

384 1336 550 1365 serrata.
620 1326 832 1368 Plumulae
875 1326 994 1366 albae
1037 1324 1258 1381 capillares
1300 1324 1412 1364 circa
1448 1333 1573 1378 caput
1602 1333 1643 1362 et
1673 1323 1829 1362 collum
1858 1339 2069 1378 nunquam

384 1400 509 1440 ullae.
579 1402 811 1455 Longitudo
841 1401 963 1442 rostri
993 1404 1056 1442 31‘.
1086 1404 1164 1450 lf‘s‘.
1195 1400 1317 1439 ulnae
1347 1399 1505 1438 alarum
1541 1402 1586 1436 1‘.
1624 1402 1682 1437 1‘1.
1716 1400 1792 1438 6‘s‘.
1823 1400 1979 1440 caudae
2010 1397 2068 1454 7''.

383 1475 518 1516 Pulli
544 1475 625 1517 toti
655 1476 794 1516 fusco·
812 1475 1113 1530 nigrescentes,
1157 1473 1311 1514 halone
1342 1473 1453 1514 circa
1482 1473 1622 1528 gulam
1652 1472 1872 1514 albicante.

388 1600 501 1657 364.
577 1601 612 1642 P
640 1599 686 1642 H
716 1598 758 1641 A
787 1600 820 1641 L
849 1601 891 1643 A
923 1598 962 1642 C
995 1599 1034 1640 P.
1062 1598 1102 1640 O
1133 1595 1171 1640 C
1206 1598 1246 1639 O
1276 1597 1315 1639 R
1345 1596 1386 1639 A
1414 1595 1458 1638 X
1538 1609 1857 1655 pygmaeus.
1933 1598 2064 1643 TAB.

1021 1684 1233 1727 LXXIV.
1273 1677 1360 1742 fig.
1404 1697 1448 1726 Ι.

520 1780 565 1819 Ρ.
595 1792 769 1835 corpore
799 1778 942 1835 nigro,
978 1777 1192 1834 penicillis
1223 1776 1328 1818 albis
1356 1786 1567 1832 punctato.

601 1855 830 1895 Pelecanus
873 1869 1125 1911 pygmaeus,
1181 1855 1287 1895 Pall.
1330 1856 1417 1893 itin.
1447 1853 1501 1891 II.
1533 1851 1705 1907 append.
1735 1868 1774 1908 p.
1805 1869 1897 1907 712.
1928 1869 1966 1894 η.
2000 1859 2064 1896 26.

656 1932 740 1981 tab.
771 1932 818 1972 G.
848 1933 1037 1972 Latham.
1067 1946 1130 1971 av.
1161 1946 1200 1985 p.
1232 1936 1324 1982 607.

521 2010 570 2048 In
600 2006 769 2047 sinubus
799 2006 924 2046 maris
954 2005 1085 2062 caspii
1113 2004 1319 2060 gregaria,
1347 2017 1443 2044 cum
1472 2003 1663 2044 Carbone
1693 2016 1734 2045 et
1762 2007 1942 2047 Graculo
1971 2021 2065 2062 pro-

384 2082 541 2124 miscue
582 2082 771 2131 habitat,
824 2081 981 2122 tardius
1025 2081 1092 2122 his
1138 2082 1385 2129 adventans,
1437 2079 1679 2135 cautiorque
1726 2092 1769 2121 et
1818 2097 1901 2123 non
1937 2081 2062 2123 facile

382 2158 665 2207 occidendus3
694 2158 806 2198 unde
836 2172 966 2213 pauca
996 2161 1083 2211 ejus
1113 2155 1343 2212 specimina
1373 2155 1553 2196 obtineri
1583 2167 1819 2210 potuerunt.
1877 2158 2063 2199 Advolat

386 2249 481 2275 cum
510 2234 705 2275 Plateleis
735 2245 776 2274 et
804 2232 849 2273 in
879 2233 986 2274 ostio
1018 2232 1205 2288 Rhymni
1237 2234 1276 2273 ss.
1309 2230 1516 2286 gregarius
1546 2231 1697 2287 passim
1729 2244 1924 2275 versatur.

522 2312 693 2351 Descr.
721 2311 967 2364 Magnitudo
998 2308 1165 2349 circiter
1195 2308 1540 2363 Querqucdulae,
1573 2306 1617 2347 in
1647 2306 1727 2348 hoc
1758 2323 1908 2363 genere
1938 2308 2059 2349 mini-

381 2398 483 2426 mus.
556 2387 746 2428 Rostrum
785 2397 829 2427 ut
864 2385 909 2426 in
949 2385 1160 2434 Carbone,
1204 2384 1278 2424 sed
1307 2394 1471 2424 tuntum
1501 2383 1686 2439 margine
1717 2385 1914 2425 maxillae
1943 2398 2059 2439 supe-
