2175 2931
391 218 478 246 220
1146 215 1289 244 m

392 319 735 376 gryseo—albidis
766 329 1040 376 squamatum.
1110 319 1259 361 Subtus
1287 335 1434 377 corpus
1464 320 1668 363 sordidius
1699 322 1865 372 album,
1924 323 2077 364 cinera-

392 408 532 436 scente
563 397 823 443 nebulosum;
860 398 1169 452 hypochondria
1199 398 1320 438 dorso
1350 397 1599 448 concoloria,
1632 397 1862 452 variegata3
1894 404 2073 450 crissam,

391 471 522 512 latera
564 471 783 526 uropygii,
840 472 1117 528 tectricesque
1162 474 1318 514 caudae
1359 472 1583 514 albissima.
1653 476 1759 515 Alae
1789 475 1963 514 caudam
1993 490 2074 515 non

394 558 641 601 aequantes,
687 550 827 588 subtus
860 550 1116 589 fusccscente
1146 563 1292 589 canae:
1349 553 1518 603 remiges
1549 556 1612 591 26.
1644 550 1802 600 fuscae,
1848 549 2076 590 rhachibus

392 621 509 671 albis,
542 633 624 662 tres
655 635 845 665 extremo
876 635 1130 680 angustatae‚
1160 624 1318 665 extima
1348 636 1437 666 toto
1468 626 1678 667 exteriore
1710 625 1870 666 vexillo
1892 637 2076 680 angust03

396 698 595 739 Tectrices
634 700 1082 748 ihscffioenti-canae,
1132 699 1400 740 secundariae
1441 702 1627 757 margine
1664 700 1879 742 terminali
1919 701 2076 742 albido.

389 775 590 815 Rectrices
638 782 696 816 18.
738 778 960 817 subacutae
1003 776 1046 816 in
1088 777 1218 816 cauda
1261 778 1506 827 rotundam,
1562 778 1862 827 fuscescentes,
1910 777 2075 817 mediae

392 848 511 904 apice
543 851 675 891 albae.
734 854 861 894 Pedes
890 852 1090 893 coccineo
1120 851 1245 901 rubri,
1279 853 1347 892 vel
1379 867 1401 891 e
1432 853 1546 893 fusco
1565 854 1858 893 mrufescentes.
1916 853 2079 894 Pondus

391 924 528 965 librar.
560 927 700 967 rossic.
731 939 828 968 octo
857 929 924 969 vel
954 929 1074 968 ultra.
1133 928 1345 968 Mensurae
1377 929 1427 967 ab
1461 927 1581 984 apice
1612 927 1732 968 rostri
1755 928 1807 967 ad
1828 926 2079 983 uropygium

391 1017 410 1039 2
441 1003 538 1056 ped.
578 1021 588 1041 1
624 1003 726 1058 poll.
759 1020 779 1044 a
809 1019 968 1044 summo
997 1014 1130 1044 rostro
1160 1004 1211 1043 ad
1241 1001 1437 1043 humeros
1474 1007 1514 1043 1'.
1548 1008 1603 1044 2⁰.
1636 1004 1704 1045 3⁰¹.
1736 1004 1891 1043 caudae
1923 1005 1981 1044 5⁶.
2007 1004 2075 1044 (3''‘.

388 1076 508 1116 rostri
539 1079 588 1117 ad
620 1079 780 1132 plumas
810 1079 955 1119 frontis
989 1083 1143 1130 91:9¹⁰.
1192 1080 1349 1119 alarum
1392 1078 1594 1135 expansio
1626 1079 1676 1130 4¹.
1706 1080 1770 1130 4''.
1802 1080 1871 1131 9²⁰.
1901 1079 1998 1120 ulna
2035 1085 2076 1120 1'.

391 1152 449 1192 δ”.
487 1152 549 1202 gs.
580 1155 784 1195 femorum
815 1156 872 1205 4‘'.
905 1157 970 1205 4''‘.
1002 1170 1094 1211 pars
1125 1155 1235 1195 nuda
1263 1155 1333 1207 9⁹2
1374 1154 1574 1196 tibiarum
1605 1157 1661 1197 2''.
1699 1173 1755 1196 ιι.
1789 1153 1914 1211 digiti
1944 1153 2078 1202 medii

390 1231 503 1280 (cum
534 1244 670 1284 ungue
703 1232 791 1286 5‘''.)
823 1233 877 1274 δ”.

500 1386 542 1428 β.
576 1383 762 1423 Varietas
793 1385 1027 1433 domestica,
1060 1399 1182 1440 saepe
1213 1386 1360 1424 decem
1391 1383 1516 1425 libras
1546 1399 1754 1440 superans,
1784 1384 1922 1425 colore
1951 1399 2074 1440 saepe

392 1467 670 1510 spontaneae,
727 1459 887 1514 saepius
918 1459 1068 1508 niveo,
1125 1460 1168 1500 in
1200 1460 1370 1500 Rossiae
1401 1460 1646 1501 australibus
1677 1475 1699 1500 e
1731 1459 1870 1500 Persia
1900 1462 2074 1510 advena,

391 1542 432 1570 et
461 1531 504 1571 in
536 1532 714 1572 Sibiriae
744 1536 1162 1576 transbai'calensibus
1204 1535 1443 1589 regionibus
1474 1550 1497 1574 e
1529 1535 1668 1576 China
1698 1536 1861 1585 adlata,
1905 1535 2075 1591 copiose

389 1622 498 1648 nunc
542 1608 705 1649 colitur.
776 1613 911 1665 Major
956 1621 998 1651 et
1040 1610 1313 1666 ponderosior
1353 1625 1517 1667 semper
1561 1621 1791 1666 spontaneo
1836 1622 1876 1651 et
1916 1615 2075 1651 Ansere

394 1684 579 1739 vulgari,
651 1700 832 1740 quocum
872 1698 1019 1741 sponte
1061 1686 1278 1741 copulatur
1321 1698 1363 1726 et
1403 1688 1565 1742 prolem
1607 1686 1833 1743 hybridam
1874 1688 2073 1742 grandem

388 1759 548 1814 gignit,
591 1761 714 1801 matri
754 1762 1028 1811 similiorem,
1074 1777 1212 1817 gressu
1256 1764 1442 1813 tardam,
1487 1775 1619 1804 rostro
1648 1764 1919 1804 subtuberoso
1949 1764 2072 1803 rubro

387 1835 453 1875 vel
485 1836 723 1893 seminigro,
755 1837 887 1894 ipsam
921 1853 1086 1894 quoque
1119 1839 1368 1879 foecundam
1401 1853 1658 1893 generosam,
1690 1853 1936 1894 pugnacem,
1967 1852 2072 1893 quae

392 1912 533 1952 Rossis
554 1945 563 1962 ,
619 1915 863 1968 praesertim
894 1913 1144 1955 Tulensibus
1174 1914 1217 1955 in
1248 1915 1477 1955 certamina
1506 1914 1667 1955 ludicra
1698 1913 1947 1963 adhibetur,
1993 1912 2073 1954 sin·

388 1989 485 2042 gulo
523 1989 629 2029 mari
664 1989 807 2030 addita
844 1990 1051 2040 foemina,
1104 2006 1208 2045 quae
1245 2006 1354 2046 pone
1392 2001 1647 2046 pugnantem
1686 1992 1874 2039 adstans,
1917 1990 2073 2031 collum

389 2066 510 2105 dorso
541 2064 665 2106 maris
693 2065 910 2122 imponere
942 2078 984 2107 et
1013 2082 1116 2107 voce
1146 2066 1268 2106 illum
1299 2065 1482 2107 excitare
1513 2067 1632 2107 solet.
1678 2065 1917 2122 Cygnoides
1952 2081 2070 2106 verus

389 2140 667 2192 domesticus,
716 2143 961 2198 pracsertim
999 2142 1182 2183 seniores
1225 2158 1381 2194 mares,
1438 2144 1664 2183 admodum
1694 2142 1909 2183 difformes
1938 2143 2072 2184 tubere

388 2216 509 2256 rostri
539 2219 785 2259 subfrontali
814 2220 1060 2275 subglobosa
1079 2250 1091 2267 ,
1147 2223 1304 2276 paleari
1342 2220 1462 2275 gulae
1492 2219 1677 2275 pendulo
1707 2231 1904 2269 cutaceo‚
1963 2221 2072 2275 plica

390 2307 511 2348 saepe
543 2293 625 2333 alvi
654 2296 863 2350 pendula,
921 2297 1055 2337 cauda
1091 2307 1280 2336 surrecta.
1353 2296 1436 2351 Qui
1467 2295 1562 2336 albo
1605 2307 1699 2336 sunt
1728 2296 1867 2336 colore
1896 2306 2070 2335 rostrum

390 2369 598 2422 pedesque
629 2371 742 2411 fulvo
774 2373 893 2412 rubra
923 2371 1093 2419 habent,
1123 2371 1196 2427 qui
1224 2371 1364 2412 colore
1395 2371 1627 2427 spontanei,
1659 2371 1789 2426 nigra.
1848 2374 1895 2411 In
1918 2369 2066 2411 Gilano

392 2443 554 2482 Persiae
585 2445 777 2487 dicuntur
805 2449 897 2504 plus
927 2463 1007 2488 una
1037 2447 1129 2489 vice
1158 2462 1232 2503 per
1262 2458 1463 2487 aestatem
1492 2449 1628 2503 pullos
1659 2449 1849 2489 educare.
