2175 2931
370 204 428 253 τε
1143 209 1290 234 Ξ

478 311 706 355 Esthonice
738 311 936 367 Poelclpic',
968 307 1159 350 Lettonis
1187 310 1330 350 Lanka
1385 310 1468 352 irbe
1496 312 1688 353 Kurrata.

477 388 724 431 Morduanis
753 390 854 429 Pua.
912 385 1112 442 Kystirnis
1145 387 1462 428 Iaeses-dshim.

475 464 655 521 Tungsis
687 466 998 520 Tschupkuroe‚·
1027 460 1073 502 in
1101 461 1255 502 Tauria
1287 463 1554 507 Tsclzorkirol.

481 541 648 598 Iaponis
675 544 832 583 Schiroi
860 539 1024 596 phadb,·
1053 537 1168 579 Indis
1195 541 1374 587 Bahter5
1403 539 1604 596 Tangutis
1641 539 1894 581 Wschak'ba.

505 620 554 658 In
585 617 756 660 Rossiae
787 627 909 672 atque
941 614 1119 656 Sibiriae
1136 615 1240 656 citra
1256 619 1413 657 Lenam
1440 616 1697 673 temperatis,
1730 614 2057 670 australioribus‚

368 694 673 751 campestribus
703 691 1066 749 frequentissima3
1112 690 1222 733 circa
1251 693 1440 735 Alta‘i'cos
1471 704 1653 743 montes,
1697 694 1750 734 ad
1778 692 1985 733 Jeniseam
2015 704 2058 735 et

367 770 413 813 in
447 770 633 812 Dauuria
661 771 801 811 colore
832 768 1085 815 obsoletiore
1116 769 1241 826 paulo
1272 767 1459 818 diversa,
1489 780 1531 810 et
1562 780 1759 810 autumno
1788 768 1832 811 in
1863 767 2059 825 rupestri-

367 847 444 888 bus
475 845 646 903 apricis,
693 848 746 887 ad
774 846 906 887 solem
935 844 1083 895 versis,
1134 843 1326 902 copiosa,
1370 845 1441 886 ubi
1472 844 1659 900 gregaria
1701 844 1932 900 hybernat‚
1974 859 2059 886 sae-

368 922 463 979 pius
493 922 568 963 sub
595 922 694 963 nive
723 923 882 969 latens3
921 932 962 961 at
991 923 1061 962 ubi
1093 933 1253 978 potest,
1296 921 1407 963 circa
1437 920 1587 962 horrea
1617 920 1886 972 rusticorum,
1931 922 2062 961 auda-

370 997 537 1041 cissima
566 998 677 1038 inter
706 998 881 1054 gallinas
909 997 1106 1054 pascitur.
1166 998 1306 1038 Etiam
1336 997 1381 1038 in
1406 996 1658 1053 rupestribus
1689 996 1864 1037 minime
1880 996 2059 1037 timidae

369 1085 561 1124 currunt,
605 1089 697 1115 raro
727 1075 889 1124 volant,
934 1073 1015 1113 nisi
1045 1074 1190 1129 sclopo
1218 1073 1414 1122 territae3
1474 1077 1612 1114 Mares
1642 1075 1702 1113 ad
1721 1073 1854 1113 solem
1883 1073 2060 1114 caudam

369 1160 552 1190 rotantes
582 1162 624 1191 et
653 1150 954 1206 superbientes.
1013 1153 1060 1189 In
1091 1150 1263 1189 desertis
1290 1149 1484 1191 Tatariae
1517 1149 1762 1190 australibus
1790 1147 1901 1190 inter
1929 1148 2059 1190 colles

370 1240 562 1266 arenosos
592 1237 635 1266 et
663 1226 707 1267 in
735 1225 957 1283 paludibus
987 1225 1126 1275 salsis,
1157 1225 1230 1266 ubi
1259 1225 1333 1265 nix
1364 1241 1447 1266 non
1491 1227 1634 1275 durat,
1665 1236 1755 1266 tota
1784 1224 1941 1280 hyeme
1971 1239 2061 1280 gre-

369 1300 527 1356 gariae,
583 1300 728 1356 ibique
767 1300 996 1341 seminibus
1038 1301 1311 1350 Salsolarum,
1357 1299 1752 1356 Chenopodiorum,
1802 1299 2060 1356 Atriplicum

369 1375 554 1417 maxime
595 1376 891 1431 pinguescunt,
948 1377 1020 1416 sed
1053 1375 1226 1416 minime
1256 1376 1439 1432 sapidae.
1512 1375 1716 1431 Egregiae
1747 1388 1890 1418 contra
1921 1387 1964 1417 et
1993 1391 2060 1418 co-

369 1451 632 1509 piosissimae
662 1451 706 1492 in
736 1449 999 1493 Chersoneso
1034 1451 1233 1499 Taurica,
1275 1452 1418 1507 paucis
1448 1451 1588 1493 avium
1619 1451 1838 1508 speciebus
1868 1453 2062 1508 frequen·

368 1539 470 1570 tata.
542 1526 757 1582 Gregatim
797 1526 844 1567 in
885 1539 971 1568 rete
1013 1526 1134 1568 humi
1176 1538 1360 1577 tensum,
1419 1528 1564 1584 pedali
1607 1528 1776 1569 circiter
1818 1527 2059 1579 altitudine,

371 1605 529 1645 duabus
559 1603 636 1645 alis
665 1602 977 1660 divergentibus
1008 1605 1145 1660 plures
1176 1618 1322 1659 orgyas
1351 1603 1500 1659 longis,
1531 1603 1575 1645 in
1599 1603 1788 1646 medium
1802 1618 1967 1645 saccum
1995 1603 2057 1644 in·

372 1679 762 1722 fundibulisormem
804 1681 1177 1736 convergentibus,
1252 1682 1303 1720 ab
1344 1678 1520 1721 homine
1562 1691 1658 1736 post
1697 1680 1838 1721 velum
1880 1680 2060 1722 linteum

371 1767 536 1796 tensum
564 1755 721 1797 latente
750 1757 1075 1813 compelluntur,
1105 1755 1359 1812 facilemque
1388 1756 1433 1797 in
1459 1755 1759 1812 campestribus
1789 1755 2059 1797 venationem

370 1832 587 1887 praebent.
648 1831 845 1873 Incidunt
875 1832 1002 1873 etiam
1032 1833 1076 1873 in
1108 1847 1302 1888 suspensa
1333 1831 1457 1882 retia,
1488 1846 1594 1887 quae
1624 1833 1679 1872 ob
1708 1830 1916 1871 humilem
1947 1830 2060 1871 vola-

366 1918 458 1948 tum
491 1908 649 1949 evitare
680 1919 907 1964 nequeunt.
966 1911 1013 1948 In
1043 1907 1239 1949 orientali
1269 1906 1445 1957 Sibiria,
1474 1907 1583 1947 ultra
1611 1910 1792 1955 Lenam,
1827 1917 1915 1947 tota
1945 1905 2060 1961 frigi-

373 1984 447 2032 da,
477 1995 521 2024 et
548 1983 592 2024 in
624 1983 917 2025 Camtschatca
948 1985 1108 2024 desunt.
1152 1987 1184 2022 E
1208 1981 1446 2023 borealibus
1476 1982 1631 2039 hyeme
1660 1982 1894 2024 discedunt.
1937 1986 2059 2023 Tem·

371 2073 474 2116 pore
503 2058 843 2116 prolificationiS,
899 2061 1036 2117 primo
1067 2074 1185 2108 vere,
1230 2073 1305 2114 per
1334 2058 1451 2114 paria
1481 2059 1788 2116 disperguntur.
1855 2060 2060 2100 Incubant

372 2134 506 2178 humi.
567 2136 659 2177 Ova
688 2136 829 2177 ovali-
846 2137 1039 2192 globosa,
1069 2135 1384 2192 pallido-alba.

509 2213 684 2253 Descr.
715 2214 754 2253 V
754 2218 935 2254 arietatis
964 2211 1161 2269 rupestris
1189 2212 1430 2254 daunricae:
1462 2214 1605 2255 Facies
1635 2225 1736 2264 tota,
1767 2224 1920 2255 tractus
1948 2225 2059 2268 pone

375 2288 537 2339 oculos,
589 2293 693 2344 gula
721 2289 826 2336 late,
877 2301 1114 2344 tractusque
1143 2288 1337 2344 pollicari
1366 2288 1535 2330 circiter
1563 2291 1787 2331 latitudine
1817 2291 1958 2331 subtus
1986 2301 2061 2343 per

378 2362 557 2411 collum,
587 2366 773 2420 jugulum
804 2377 845 2407 et
875 2378 1020 2422 pectus
1051 2363 1340 2415 continuatus,
1387 2365 1639 2407 dilutissime
1669 2364 1915 2422 ferruginea.
1971 2364 2062 2403 Ma-

378 2440 472 2480 cula
513 2440 642 2480 sterni
684 2452 770 2482 atra
810 2442 985 2498 insignis
1028 2451 1206 2483 tractum
1247 2440 1349 2482 colli
1390 2441 1604 2484 terminat.
1662 2445 1822 2485 Lunula
1851 2455 1970 2499 supra
1998 2453 2061 2481 ro-
