<?xml version="1.0" encoding="UTF-8"?>
<!DOCTYPE html PUBLIC "-//W3C//DTD XHTML 1.0 Transitional//EN"
    "http://www.w3.org/TR/xhtml1/DTD/xhtml1-transitional.dtd">
<html xmlns="http://www.w3.org/1999/xhtml" xml:lang="en" lang="en">
 <head>
  <title>
</title>
<meta http-equiv="Content-Type" content="text/html;charset=utf-8" />
  <meta name='ocr-system' content='tesseract 3.04.00' />
  <meta name='ocr-capabilities' content='ocr_page ocr_carea ocr_par ocr_line ocrx_word'/>
</head>
<body>
  <div class='ocr_page' id='page_1' title='image "./zoographiarossoa22pall_0022.png"; bbox 0 0 2175 2931; ppageno 0'>
   <div class='ocr_carea' id='block_1_1' title="bbox 374 158 1272 207">
    <p class='ocr_par' dir='ltr' id='par_1_1' title="bbox 374 158 1272 207">
     <span class='ocr_line' id='line_1_1' title="bbox 374 158 1272 207; baseline -0.003 -7"><span class='ocrx_word' id='word_1_1' title='bbox 374 169 402 207; x_wconf 85' lang='lat'><strong>6</strong></span> <span class='ocrx_word' id='word_1_2' title='bbox 1129 158 1272 198; x_wconf 54' lang='grc' dir='ltr'><em>,τὲ-..3</em></span> 
     </span>
    </p>
   </div>
   <div class='ocr_carea' id='block_1_2' title="bbox 371 267 2041 2265">
    <p class='ocr_par' dir='ltr' id='par_1_2' title="bbox 480 267 2034 780">
     <span class='ocr_line' id='line_1_2' title="bbox 590 267 2032 325; baseline -0.003 -9"><span class='ocrx_word' id='word_1_3' title='bbox 590 276 720 317; x_wconf 79' lang='lat' dir='ltr'>Loxia</span> <span class='ocrx_word' id='word_1_4' title='bbox 749 275 1018 321; x_wconf 85' lang='lat' dir='ltr'>Enucleator,</span> <span class='ocrx_word' id='word_1_5' title='bbox 1050 274 1138 311; x_wconf 86' lang='lat' dir='ltr'>Lin.</span> <span class='ocrx_word' id='word_1_6' title='bbox 1167 280 1269 323; x_wconf 73' lang='lat' dir='ltr'>syst.</span> <span class='ocrx_word' id='word_1_7' title='bbox 1301 267 1394 309; x_wconf 85' lang='lat' dir='ltr'><em>XII.</em></span> <span class='ocrx_word' id='word_1_8' title='bbox 1424 270 1457 309; x_wconf 90' lang='lat' dir='ltr'>I.</span> <span class='ocrx_word' id='word_1_9' title='bbox 1485 285 1524 325; x_wconf 86' lang='lat' dir='ltr'>p.</span> <span class='ocrx_word' id='word_1_10' title='bbox 1559 286 1648 321; x_wconf 75' lang='lat'><strong>299.</strong></span> <span class='ocrx_word' id='word_1_11' title='bbox 1682 271 1807 312; x_wconf 79' lang='lat' dir='ltr'>Faun.</span> <span class='ocrx_word' id='word_1_12' title='bbox 1839 271 1950 313; x_wconf 76' lang='lat' dir='ltr'>Suec.</span> <span class='ocrx_word' id='word_1_13' title='bbox 1980 273 2032 312; x_wconf 87' lang='grc' dir='ltr'>ΙῙ.</span> 
     </span>
     <span class='ocr_line' id='line_1_3' title="bbox 649 351 1297 400; baseline -0.012 -8"><span class='ocrx_word' id='word_1_14' title='bbox 649 360 738 392; x_wconf 77' lang='lat'><strong>223.</strong></span> <span class='ocrx_word' id='word_1_15' title='bbox 767 354 860 391; x_wconf 73' lang='lat' dir='ltr'>Act.</span> <span class='ocrx_word' id='word_1_16' title='bbox 890 351 1107 389; x_wconf 82' lang='lat' dir='ltr'>Holmiens.</span> <span class='ocrx_word' id='word_1_17' title='bbox 1138 363 1177 400; x_wconf 86' lang='lat' dir='ltr'>p.</span> <span class='ocrx_word' id='word_1_18' title='bbox 1214 353 1297 398; x_wconf 87' lang='lat'><strong>157.</strong></span> 
     </span>
     <span class='ocr_line' id='line_1_4' title="bbox 591 422 1470 476; baseline -0.01 -10"><span class='ocrx_word' id='word_1_19' title='bbox 591 430 648 466; x_wconf 82' lang='lat' dir='ltr'>Le</span> <span class='ocrx_word' id='word_1_20' title='bbox 679 428 868 473; x_wconf 77' lang='lat' dir='ltr'>Durbec,</span> <span class='ocrx_word' id='word_1_21' title='bbox 900 424 1058 474; x_wconf 66' lang='lat' dir='ltr'>Bifffon.</span> <span class='ocrx_word' id='word_1_22' title='bbox 1090 437 1173 461; x_wconf 83' lang='lat' dir='ltr'>orn.</span> <span class='ocrx_word' id='word_1_23' title='bbox 1204 422 1277 460; x_wconf 89' lang='grc' dir='ltr'>ΠΙ.</span> <span class='ocrx_word' id='word_1_24' title='bbox 1309 437 1347 476; x_wconf 84' lang='lat' dir='ltr'>p.</span> <span class='ocrx_word' id='word_1_25' title='bbox 1377 428 1470 473; x_wconf 72' lang='lat'><strong>457.</strong></span> 
     </span>
     <span class='ocr_line' id='line_1_5' title="bbox 593 495 2034 551; baseline -0.005 -10"><span class='ocrx_word' id='word_1_26' title='bbox 593 498 990 544; x_wconf 79' lang='lat' dir='ltr'>Fine-Grossbeak,</span> <span class='ocrx_word' id='word_1_27' title='bbox 1047 498 1234 536; x_wconf 66' lang='lat' dir='ltr'>Lacham.</span> <span class='ocrx_word' id='word_1_28' title='bbox 1275 511 1367 549; x_wconf 77' lang='lat' dir='ltr'>syn.</span> <span class='ocrx_word' id='word_1_29' title='bbox 1398 497 1468 536; x_wconf 92' lang='lat' dir='ltr'>IV.</span> <span class='ocrx_word' id='word_1_30' title='bbox 1498 512 1538 551; x_wconf 83' lang='lat' dir='ltr'>p.</span> <span class='ocrx_word' id='word_1_31' title='bbox 1575 513 1659 536; x_wconf 83' lang='lat'>111.</span> <span class='ocrx_word' id='word_1_32' title='bbox 1690 512 1728 536; x_wconf 86' lang='lat' dir='ltr'>n.</span> <span class='ocrx_word' id='word_1_33' title='bbox 1762 503 1796 537; x_wconf 79' lang='lat'>5.</span> <span class='ocrx_word' id='word_1_34' title='bbox 1843 495 2034 535; x_wconf 73' lang='lat' dir='ltr'>Pennant.</span> 
     </span>
     <span class='ocr_line' id='line_1_6' title="bbox 647 572 1511 624; baseline -0.007 -8"><span class='ocrx_word' id='word_1_35' title='bbox 647 579 758 616; x_wconf 86' lang='lat' dir='ltr'>Zool.</span> <span class='ocrx_word' id='word_1_36' title='bbox 790 575 878 613; x_wconf 73' lang='lat' dir='ltr'>bric.</span> <span class='ocrx_word' id='word_1_37' title='bbox 907 572 939 609; x_wconf 89' lang='lat' dir='ltr'>I.</span> <span class='ocrx_word' id='word_1_38' title='bbox 968 586 1006 609; x_wconf 90' lang='lat' dir='ltr'>n.</span> <span class='ocrx_word' id='word_1_39' title='bbox 1044 579 1129 619; x_wconf 72' lang='lat'>114.</span> <span class='ocrx_word' id='word_1_40' title='bbox 1162 572 1241 611; x_wconf 71' lang='lat' dir='ltr'>tab.</span> <span class='ocrx_word' id='word_1_41' title='bbox 1273 581 1338 621; x_wconf 73' lang='lat'>49.</span> <span class='ocrx_word' id='word_1_42' title='bbox 1359 572 1441 624; x_wconf 80' lang='lat' dir='ltr'>fig.</span> <span class='ocrx_word' id='word_1_43' title='bbox 1475 588 1511 610; x_wconf 83' lang='lat'>2.</span> 
     </span>
     <span class='ocr_line' id='line_1_7' title="bbox 484 644 1527 701; baseline -0.007 -9"><span class='ocrx_word' id='word_1_44' title='bbox 484 651 654 692; x_wconf 87' lang='lat' dir='ltr'>Rossice</span> <span class='ocrx_word' id='word_1_45' title='bbox 686 649 870 693; x_wconf 64' lang='lat' dir='ltr'>Sesclzizr3</span> <span class='ocrx_word' id='word_1_46' title='bbox 900 644 1112 699; x_wconf 88' lang='lat' dir='ltr'>Petropoli</span> <span class='ocrx_word' id='word_1_47' title='bbox 1140 647 1301 686; x_wconf 70' lang='lat' dir='ltr'>Finskoi</span> <span class='ocrx_word' id='word_1_48' title='bbox 1328 647 1527 701; x_wconf 73' lang='lat' dir='ltr'>Papogai.</span> 
     </span>
     <span class='ocr_line' id='line_1_8' title="bbox 480 720 1559 780; baseline -0.004 -14"><span class='ocrx_word' id='word_1_49' title='bbox 480 724 690 780; x_wconf 77' lang='lat' dir='ltr'>Mongolis</span> <span class='ocrx_word' id='word_1_50' title='bbox 725 721 1008 763; x_wconf 54' lang='lat' dir='ltr'>Ullam-elsatia.</span> <span class='ocrx_word' id='word_1_51' title='bbox 1068 720 1272 774; x_wconf 80' lang='lat' dir='ltr'>Tungusis</span> <span class='ocrx_word' id='word_1_52' title='bbox 1301 722 1559 775; x_wconf 79' lang='lat' dir='ltr'>Mummugy.</span> 
     </span>
    </p>

    <p class='ocr_par' dir='ltr' id='par_1_3' title="bbox 371 794 2040 1358">
     <span class='ocr_line' id='line_1_9' title="bbox 510 794 2037 850; baseline -0.004 -10"><span class='ocrx_word' id='word_1_53' title='bbox 510 804 556 840; x_wconf 91' lang='lat' dir='ltr'>In</span> <span class='ocrx_word' id='word_1_54' title='bbox 599 797 768 838; x_wconf 78' lang='lat' dir='ltr'>Rossiae</span> <span class='ocrx_word' id='word_1_55' title='bbox 817 794 1026 849; x_wconf 85' lang='lat' dir='ltr'>totisuque</span> <span class='ocrx_word' id='word_1_56' title='bbox 1069 794 1246 835; x_wconf 78' lang='lat' dir='ltr'>Sibiriae</span> <span class='ocrx_word' id='word_1_57' title='bbox 1288 795 1441 850; x_wconf 81' lang='lat' dir='ltr'>pinetis</span> <span class='ocrx_word' id='word_1_58' title='bbox 1480 795 1660 837; x_wconf 77' lang='lat' dir='ltr'>maxime</span> <span class='ocrx_word' id='word_1_59' title='bbox 1713 794 1918 836; x_wconf 82' lang='lat' dir='ltr'>montanis</span> <span class='ocrx_word' id='word_1_60' title='bbox 1962 794 2037 834; x_wconf 88' lang='lat' dir='ltr'>fre-</span> 
     </span>
     <span class='ocr_line' id='line_1_10' title="bbox 372 867 2038 930; baseline -0.005 -15"><span class='ocrx_word' id='word_1_61' title='bbox 372 889 501 930; x_wconf 82' lang='lat' dir='ltr'>quens</span> <span class='ocrx_word' id='word_1_62' title='bbox 530 885 572 914; x_wconf 93' lang='lat' dir='ltr'>et</span> <span class='ocrx_word' id='word_1_63' title='bbox 600 874 782 928; x_wconf 80' lang='lat' dir='ltr'>gregaria</span> <span class='ocrx_word' id='word_1_64' title='bbox 813 869 922 916; x_wconf 86' lang='lat' dir='ltr'>avis,</span> <span class='ocrx_word' id='word_1_65' title='bbox 949 873 994 908; x_wconf 86' lang='lat' dir='ltr'>in</span> <span class='ocrx_word' id='word_1_66' title='bbox 1022 870 1383 925; x_wconf 76' lang='lat' dir='ltr'>temperatioribus</span> <span class='ocrx_word' id='word_1_67' title='bbox 1411 882 1570 911; x_wconf 87' lang='lat' dir='ltr'>tantum</span> <span class='ocrx_word' id='word_1_68' title='bbox 1600 871 1777 926; x_wconf 86' lang='lat' dir='ltr'>hyeme,</span> <span class='ocrx_word' id='word_1_69' title='bbox 1811 880 1963 909; x_wconf 82' lang='lat' dir='ltr'>aestate</span> <span class='ocrx_word' id='word_1_70' title='bbox 1993 867 2038 908; x_wconf 90' lang='lat' dir='ltr'>in</span> 
     </span>
     <span class='ocr_line' id='line_1_11' title="bbox 371 942 2037 1001; baseline -0.006 -11"><span class='ocrx_word' id='word_1_71' title='bbox 371 949 554 990; x_wconf 83' lang='lat' dir='ltr'>maxime</span> <span class='ocrx_word' id='word_1_72' title='bbox 595 946 829 988; x_wconf 73' lang='lat' dir='ltr'>borealibus</span> <span class='ocrx_word' id='word_1_73' title='bbox 872 956 914 984; x_wconf 89' lang='lat' dir='ltr'>et</span> <span class='ocrx_word' id='word_1_74' title='bbox 944 944 1121 999; x_wconf 83' lang='lat' dir='ltr'>alpinis3</span> <span class='ocrx_word' id='word_1_75' title='bbox 1178 946 1389 1001; x_wconf 84' lang='lat' dir='ltr'>Petropoli</span> <span class='ocrx_word' id='word_1_76' title='bbox 1431 946 1614 986; x_wconf 77' lang='lat' dir='ltr'>maxime</span> <span class='ocrx_word' id='word_1_77' title='bbox 1659 961 1732 1001; x_wconf 89' lang='lat' dir='ltr'>per</span> <span class='ocrx_word' id='word_1_78' title='bbox 1762 942 1966 985; x_wconf 84' lang='lat' dir='ltr'>Octobrin</span> <span class='ocrx_word' id='word_1_79' title='bbox 1996 953 2037 981; x_wconf 86' lang='lat' dir='ltr'>et</span> 
     </span>
     <span class='ocr_line' id='line_1_12' title="bbox 371 1017 2036 1075; baseline -0.005 -11"><span class='ocrx_word' id='word_1_80' title='bbox 371 1025 656 1064; x_wconf 89' lang='lat' dir='ltr'>Novembrem</span> <span class='ocrx_word' id='word_1_81' title='bbox 687 1021 872 1075; x_wconf 84' lang='lat' dir='ltr'>capitur,</span> <span class='ocrx_word' id='word_1_82' title='bbox 929 1020 1080 1059; x_wconf 85' lang='lat' dir='ltr'>mensis</span> <span class='ocrx_word' id='word_1_83' title='bbox 1110 1020 1327 1060; x_wconf 80' lang='lat' dir='ltr'>destinata.</span> <span class='ocrx_word' id='word_1_84' title='bbox 1389 1021 1508 1060; x_wconf 88' lang='lat' dir='ltr'>Vivit</span> <span class='ocrx_word' id='word_1_85' title='bbox 1537 1022 1779 1075; x_wconf 85' lang='lat' dir='ltr'>praesertim</span> <span class='ocrx_word' id='word_1_86' title='bbox 1809 1017 2036 1058; x_wconf 78' lang='lat' dir='ltr'>seminibus</span> 
     </span>
     <span class='ocr_line' id='line_1_13' title="bbox 373 1091 2038 1150; baseline -0.005 -12"><span class='ocrx_word' id='word_1_87' title='bbox 373 1100 563 1139; x_wconf 80' lang='lat' dir='ltr'>arborum</span> <span class='ocrx_word' id='word_1_88' title='bbox 606 1110 875 1137; x_wconf 82' lang='lat' dir='ltr'>acerosarum.</span> <span class='ocrx_word' id='word_1_89' title='bbox 947 1096 1109 1135; x_wconf 80' lang='lat' dir='ltr'>Inclusa</span> <span class='ocrx_word' id='word_1_90' title='bbox 1149 1110 1222 1150; x_wconf 89' lang='lat' dir='ltr'>per</span> <span class='ocrx_word' id='word_1_91' title='bbox 1264 1094 1463 1150; x_wconf 87' lang='lat' dir='ltr'>hyemem</span> <span class='ocrx_word' id='word_1_92' title='bbox 1500 1096 1594 1135; x_wconf 87' lang='lat' dir='ltr'>loco</span> <span class='ocrx_word' id='word_1_93' title='bbox 1631 1093 1900 1149; x_wconf 78' lang='lat' dir='ltr'>frigidissimo</span> <span class='ocrx_word' id='word_1_94' title='bbox 1929 1091 2038 1131; x_wconf 85' lang='lat' dir='ltr'>laeta</span> 
     </span>
     <span class='ocr_line' id='line_1_14' title="bbox 371 1165 2037 1226; baseline -0.005 -14"><span class='ocrx_word' id='word_1_95' title='bbox 371 1172 508 1226; x_wconf 79' lang='lat' dir='ltr'>viget,</span> <span class='ocrx_word' id='word_1_96' title='bbox 567 1170 831 1223; x_wconf 81' lang='lat' dir='ltr'>maximeque</span> <span class='ocrx_word' id='word_1_97' title='bbox 872 1170 1103 1209; x_wconf 79' lang='lat' dir='ltr'>delectatur</span> <span class='ocrx_word' id='word_1_98' title='bbox 1145 1170 1241 1209; x_wconf 89' lang='lat' dir='ltr'>nive</span> <span class='ocrx_word' id='word_1_99' title='bbox 1273 1182 1314 1209; x_wconf 90' lang='lat' dir='ltr'>et</span> <span class='ocrx_word' id='word_1_100' title='bbox 1345 1169 1551 1210; x_wconf 66' lang='lat' dir='ltr'>Cannabis</span> <span class='ocrx_word' id='word_1_101' title='bbox 1596 1168 1850 1211; x_wconf 82' lang='lat' dir='ltr'>semi11ibus;</span> <span class='ocrx_word' id='word_1_102' title='bbox 1900 1165 2037 1204; x_wconf 89' lang='lat' dir='ltr'>calido</span> 
     </span>
     <span class='ocr_line' id='line_1_15' title="bbox 372 1238 2040 1296; baseline -0.005 -11"><span class='ocrx_word' id='word_1_103' title='bbox 372 1255 514 1286; x_wconf 87' lang='lat' dir='ltr'>contra</span> <span class='ocrx_word' id='word_1_104' title='bbox 541 1244 585 1283; x_wconf 90' lang='lat' dir='ltr'>in</span> <span class='ocrx_word' id='word_1_105' title='bbox 606 1244 863 1296; x_wconf 86' lang='lat' dir='ltr'>hypocausto</span> <span class='ocrx_word' id='word_1_106' title='bbox 894 1252 1077 1294; x_wconf 79' lang='lat' dir='ltr'>aegrotat</span> <span class='ocrx_word' id='word_1_107' title='bbox 1101 1252 1141 1280; x_wconf 90' lang='lat' dir='ltr'>et</span> <span class='ocrx_word' id='word_1_108' title='bbox 1163 1240 1247 1281; x_wconf 89' lang='lat' dir='ltr'>cito</span> <span class='ocrx_word' id='word_1_109' title='bbox 1276 1241 1399 1296; x_wconf 82' lang='lat' dir='ltr'>perit.</span> <span class='ocrx_word' id='word_1_110' title='bbox 1460 1242 1661 1282; x_wconf 75' lang='lat' dir='ltr'>Cantillat</span> <span class='ocrx_word' id='word_1_111' title='bbox 1690 1239 1855 1295; x_wconf 81' lang='lat' dir='ltr'>egregie</span> <span class='ocrx_word' id='word_1_112' title='bbox 1872 1270 1882 1289; x_wconf 89' lang='lat'>,</span> <span class='ocrx_word' id='word_1_113' title='bbox 1911 1238 2040 1278; x_wconf 82' lang='lat' dir='ltr'>etiam</span> 
     </span>
     <span class='ocr_line' id='line_1_16' title="bbox 371 1314 1176 1358; baseline -0.004 0"><span class='ocrx_word' id='word_1_114' title='bbox 371 1318 568 1358; x_wconf 79' lang='lat' dir='ltr'>foemina.</span> <span class='ocrx_word' id='word_1_115' title='bbox 626 1316 745 1356; x_wconf 85' lang='lat' dir='ltr'>Mitis</span> <span class='ocrx_word' id='word_1_116' title='bbox 773 1326 816 1355; x_wconf 86' lang='lat' dir='ltr'>et</span> <span class='ocrx_word' id='word_1_117' title='bbox 847 1315 931 1354; x_wconf 86' lang='lat' dir='ltr'>cito</span> <span class='ocrx_word' id='word_1_118' title='bbox 963 1314 1176 1355; x_wconf 84' lang='lat' dir='ltr'>cicuratur.</span> 
     </span>
    </p>

    <p class='ocr_par' dir='ltr' id='par_1_4' title="bbox 373 1389 2041 2265">
     <span class='ocr_line' id='line_1_17' title="bbox 508 1389 2037 1446; baseline -0.003 -14"><span class='ocrx_word' id='word_1_119' title='bbox 508 1393 620 1432; x_wconf 73' lang='lat' dir='ltr'>Not.</span> <span class='ocrx_word' id='word_1_120' title='bbox 672 1389 860 1429; x_wconf 84' lang='lat' dir='ltr'>Varietas</span> <span class='ocrx_word' id='word_1_121' title='bbox 902 1389 1050 1430; x_wconf 87' lang='lat' dir='ltr'>coloris</span> <span class='ocrx_word' id='word_1_122' title='bbox 1094 1404 1255 1444; x_wconf 80' lang='lat' dir='ltr'>prorsus</span> <span class='ocrx_word' id='word_1_123' title='bbox 1298 1393 1472 1439; x_wconf 86' lang='lat' dir='ltr'>eadem,</span> <span class='ocrx_word' id='word_1_124' title='bbox 1529 1406 1633 1446; x_wconf 89' lang='lat' dir='ltr'>quae</span> <span class='ocrx_word' id='word_1_125' title='bbox 1672 1391 1717 1430; x_wconf 88' lang='lat' dir='ltr'>in</span> <span class='ocrx_word' id='word_1_126' title='bbox 1760 1389 2037 1432; x_wconf 83' lang='lat' dir='ltr'>Crucirostra.</span> 
     </span>
     <span class='ocr_line' id='line_1_18' title="bbox 373 1465 2039 1521; baseline -0.004 -13"><span class='ocrx_word' id='word_1_127' title='bbox 373 1469 521 1508; x_wconf 88' lang='lat' dir='ltr'>dantur</span> <span class='ocrx_word' id='word_1_128' title='bbox 549 1481 699 1521; x_wconf 87' lang='lat' dir='ltr'>nempe</span> <span class='ocrx_word' id='word_1_129' title='bbox 728 1467 1017 1513; x_wconf 83' lang='lat' dir='ltr'>flavescentes,</span> <span class='ocrx_word' id='word_1_130' title='bbox 1060 1467 1314 1519; x_wconf 85' lang='lat' dir='ltr'>(nunquam,</span> <span class='ocrx_word' id='word_1_131' title='bbox 1358 1478 1402 1506; x_wconf 90' lang='lat' dir='ltr'>ut</span> <span class='ocrx_word' id='word_1_132' title='bbox 1433 1466 1737 1514; x_wconf 74' lang='lat' dir='ltr'>Cui-virostrae,</span> <span class='ocrx_word' id='word_1_133' title='bbox 1780 1465 2039 1505; x_wconf 84' lang='lat' dir='ltr'>virescente-</span> 
     </span>
     <span class='ocr_line' id='line_1_19' title="bbox 373 1538 2037 1595; baseline -0.004 -13"><span class='ocrx_word' id='word_1_134' title='bbox 373 1543 566 1590; x_wconf 86' lang='lat' dir='ltr'>cinereo,</span> <span class='ocrx_word' id='word_1_135' title='bbox 598 1542 669 1580; x_wconf 88' lang='lat' dir='ltr'>sed</span> <span class='ocrx_word' id='word_1_136' title='bbox 699 1539 828 1594; x_wconf 78' lang='lat' dir='ltr'>magis</span> <span class='ocrx_word' id='word_1_137' title='bbox 858 1541 909 1579; x_wconf 86' lang='lat' dir='ltr'>ad</span> <span class='ocrx_word' id='word_1_138' title='bbox 937 1540 1096 1579; x_wconf 86' lang='lat' dir='ltr'>fulvum</span> <span class='ocrx_word' id='word_1_139' title='bbox 1125 1541 1324 1580; x_wconf 83' lang='lat' dir='ltr'>tendente</span> <span class='ocrx_word' id='word_1_140' title='bbox 1354 1543 1492 1582; x_wconf 86' lang='lat' dir='ltr'>colore</span> <span class='ocrx_word' id='word_1_141' title='bbox 1510 1559 1564 1587; x_wconf 65' lang='lat'>:);</span> <span class='ocrx_word' id='word_1_142' title='bbox 1603 1543 1749 1581; x_wconf 86' lang='lat' dir='ltr'>dantur</span> <span class='ocrx_word' id='word_1_143' title='bbox 1776 1538 2037 1595; x_wconf 85' lang='lat' dir='ltr'>pulcherime</span> 
     </span>
     <span class='ocr_line' id='line_1_20' title="bbox 373 1611 2040 1671; baseline -0.003 -15"><span class='ocrx_word' id='word_1_144' title='bbox 373 1616 511 1665; x_wconf 84' lang='lat' dir='ltr'>rubri,</span> <span class='ocrx_word' id='word_1_145' title='bbox 555 1617 606 1655; x_wconf 86' lang='lat' dir='ltr'>ad</span> <span class='ocrx_word' id='word_1_146' title='bbox 647 1629 809 1655; x_wconf 89' lang='lat' dir='ltr'>roseum</span> <span class='ocrx_word' id='word_1_147' title='bbox 838 1629 908 1654; x_wconf 89' lang='lat' dir='ltr'>seu</span> <span class='ocrx_word' id='word_1_148' title='bbox 946 1629 1195 1669; x_wconf 89' lang='lat' dir='ltr'>purpureum</span> <span class='ocrx_word' id='word_1_149' title='bbox 1228 1617 1382 1670; x_wconf 80' lang='lat' dir='ltr'>magis,</span> <span class='ocrx_word' id='word_1_150' title='bbox 1429 1632 1551 1671; x_wconf 82' lang='lat' dir='ltr'>quam</span> <span class='ocrx_word' id='word_1_151' title='bbox 1596 1616 1888 1655; x_wconf 83' lang='lat' dir='ltr'>cinnabareum</span> <span class='ocrx_word' id='word_1_152' title='bbox 1918 1611 2040 1653; x_wconf 87' lang='lat' dir='ltr'>incli-</span> 
     </span>
     <span class='ocr_line' id='line_1_21' title="bbox 375 1688 2041 1744; baseline -0.004 -13"><span class='ocrx_word' id='word_1_153' title='bbox 375 1702 545 1739; x_wconf 85' lang='lat' dir='ltr'>nantes,</span> <span class='ocrx_word' id='word_1_154' title='bbox 587 1688 659 1744; x_wconf 89' lang='lat' dir='ltr'>qui</span> <span class='ocrx_word' id='word_1_155' title='bbox 684 1700 745 1728; x_wconf 88' lang='lat' dir='ltr'>est</span> <span class='ocrx_word' id='word_1_156' title='bbox 774 1688 1040 1728; x_wconf 81' lang='lat' dir='ltr'>crucirostrae</span> <span class='ocrx_word' id='word_1_157' title='bbox 1083 1690 1210 1729; x_wconf 83' lang='lat' dir='ltr'>color.</span> <span class='ocrx_word' id='word_1_158' title='bbox 1282 1694 1362 1729; x_wconf 84' lang='lat' dir='ltr'>Has</span> <span class='ocrx_word' id='word_1_159' title='bbox 1391 1690 1570 1730; x_wconf 86' lang='lat' dir='ltr'>seniores</span> <span class='ocrx_word' id='word_1_160' title='bbox 1600 1703 1686 1728; x_wconf 90' lang='lat' dir='ltr'>esse</span> <span class='ocrx_word' id='word_1_161' title='bbox 1718 1688 1969 1728; x_wconf 83' lang='lat' dir='ltr'>crediderim</span> <span class='ocrx_word' id='word_1_162' title='bbox 1998 1697 2041 1726; x_wconf 85' lang='lat' dir='ltr'>et</span> 
     </span>
     <span class='ocr_line' id='line_1_22' title="bbox 373 1762 2039 1817; baseline -0.004 -12"><span class='ocrx_word' id='word_1_163' title='bbox 373 1780 533 1812; x_wconf 85' lang='lat' dir='ltr'>mares,</span> <span class='ocrx_word' id='word_1_164' title='bbox 591 1775 684 1803; x_wconf 86' lang='lat' dir='ltr'>sunt</span> <span class='ocrx_word' id='word_1_165' title='bbox 713 1763 824 1802; x_wconf 88' lang='lat' dir='ltr'>enim</span> <span class='ocrx_word' id='word_1_166' title='bbox 854 1762 1120 1817; x_wconf 79' lang='lat' dir='ltr'>perfectiores</span> <span class='ocrx_word' id='word_1_167' title='bbox 1149 1774 1190 1802; x_wconf 85' lang='lat' dir='ltr'>et</span> <span class='ocrx_word' id='word_1_168' title='bbox 1219 1763 1476 1817; x_wconf 83' lang='lat' dir='ltr'>pulchriores</span> <span class='ocrx_word' id='word_1_169' title='bbox 1516 1764 1630 1802; x_wconf 87' lang='lat' dir='ltr'>omni</span> <span class='ocrx_word' id='word_1_170' title='bbox 1659 1774 1787 1816; x_wconf 85' lang='lat' dir='ltr'>parte.</span> <span class='ocrx_word' id='word_1_171' title='bbox 1867 1766 2039 1801; x_wconf 85' lang='lat' dir='ltr'>Contra-</span> 
     </span>
     <span class='ocr_line' id='line_1_23' title="bbox 375 1836 2038 1878; baseline -0.003 0"><span class='ocrx_word' id='word_1_172' title='bbox 375 1839 482 1878; x_wconf 81' lang='lat' dir='ltr'>rium</span> <span class='ocrx_word' id='word_1_173' title='bbox 511 1850 651 1877; x_wconf 87' lang='lat' dir='ltr'>tamen</span> <span class='ocrx_word' id='word_1_174' title='bbox 681 1838 725 1877; x_wconf 89' lang='lat' dir='ltr'>in</span> <span class='ocrx_word' id='word_1_175' title='bbox 754 1839 870 1877; x_wconf 75' lang='lat' dir='ltr'>Actis</span> <span class='ocrx_word' id='word_1_176' title='bbox 899 1837 1179 1876; x_wconf 48' lang='lat' dir='ltr'>holn&#39;zz&#39;ensibus</span> <span class='ocrx_word' id='word_1_177' title='bbox 1221 1836 1459 1876; x_wconf 77' lang='lat' dir='ltr'>affirmatur.</span> <span class='ocrx_word' id='word_1_178' title='bbox 1532 1841 1595 1876; x_wconf 83' lang='lat' dir='ltr'>EX</span> <span class='ocrx_word' id='word_1_179' title='bbox 1626 1838 1763 1877; x_wconf 86' lang='lat' dir='ltr'>Insula</span> <span class='ocrx_word' id='word_1_180' title='bbox 1792 1837 1954 1876; x_wconf 71' lang='lat' dir='ltr'>Kadiak</span> <span class='ocrx_word' id='word_1_181' title='bbox 1982 1837 2038 1873; x_wconf 89' lang='lat' dir='ltr'>A-</span> 
     </span>
     <span class='ocr_line' id='line_1_24' title="bbox 375 1909 2038 1965; baseline -0.003 -13"><span class='ocrx_word' id='word_1_182' title='bbox 375 1912 553 1952; x_wconf 87' lang='lat' dir='ltr'>mericae</span> <span class='ocrx_word' id='word_1_183' title='bbox 594 1911 731 1951; x_wconf 84' lang='lat' dir='ltr'>vicina</span> <span class='ocrx_word' id='word_1_184' title='bbox 771 1911 894 1949; x_wconf 85' lang='lat' dir='ltr'>allata</span> <span class='ocrx_word' id='word_1_185' title='bbox 924 1909 1151 1963; x_wconf 78' lang='lat' dir='ltr'>specimina</span> <span class='ocrx_word' id='word_1_186' title='bbox 1181 1922 1273 1949; x_wconf 84' lang='lat' dir='ltr'>sunt</span> <span class='ocrx_word' id='word_1_187' title='bbox 1302 1912 1425 1965; x_wconf 84' lang='lat' dir='ltr'>paulo</span> <span class='ocrx_word' id='word_1_188' title='bbox 1469 1911 1628 1951; x_wconf 83' lang='lat' dir='ltr'>minora</span> <span class='ocrx_word' id='word_1_189' title='bbox 1658 1911 1844 1959; x_wconf 84' lang='lat' dir='ltr'>rossicis,</span> <span class='ocrx_word' id='word_1_190' title='bbox 1900 1910 2038 1949; x_wconf 88' lang='lat' dir='ltr'>colore</span> 
     </span>
     <span class='ocr_line' id='line_1_25' title="bbox 379 1983 2040 2034; baseline -0.004 -7"><span class='ocrx_word' id='word_1_191' title='bbox 379 2002 462 2027; x_wconf 90' lang='lat' dir='ltr'>non</span> <span class='ocrx_word' id='word_1_192' title='bbox 493 2000 636 2033; x_wconf 81' lang='lat' dir='ltr'>roseo,</span> <span class='ocrx_word' id='word_1_193' title='bbox 680 1986 751 2024; x_wconf 88' lang='lat' dir='ltr'>sed</span> <span class='ocrx_word' id='word_1_194' title='bbox 781 1983 1074 2031; x_wconf 75' lang='lat' dir='ltr'>cinnabarino,</span> <span class='ocrx_word' id='word_1_195' title='bbox 1107 1984 1290 2024; x_wconf 76' lang='lat' dir='ltr'>vibrissis</span> <span class='ocrx_word' id='word_1_196' title='bbox 1320 1985 1481 2025; x_wconf 81' lang='lat' dir='ltr'>narium</span> <span class='ocrx_word' id='word_1_197' title='bbox 1510 2001 1592 2026; x_wconf 91' lang='lat' dir='ltr'>non</span> <span class='ocrx_word' id='word_1_198' title='bbox 1626 1986 1771 2034; x_wconf 86' lang='lat' dir='ltr'>fuscis,</span> <span class='ocrx_word' id='word_1_199' title='bbox 1815 1986 1887 2024; x_wconf 86' lang='lat' dir='ltr'>sed</span> <span class='ocrx_word' id='word_1_200' title='bbox 1917 1985 2040 2023; x_wconf 85' lang='lat' dir='ltr'>ferru-</span> 
     </span>
     <span class='ocr_line' id='line_1_26' title="bbox 379 2057 2040 2115; baseline -0.002 -15"><span class='ocrx_word' id='word_1_201' title='bbox 379 2061 543 2114; x_wconf 82' lang='lat' dir='ltr'>gineis,</span> <span class='ocrx_word' id='word_1_202' title='bbox 583 2069 796 2112; x_wconf 86' lang='lat' dir='ltr'>rostroque</span> <span class='ocrx_word' id='word_1_203' title='bbox 825 2057 913 2097; x_wconf 88' lang='lat' dir='ltr'>basi</span> <span class='ocrx_word' id='word_1_204' title='bbox 942 2058 1066 2111; x_wconf 81' lang='lat' dir='ltr'>paulo</span> <span class='ocrx_word' id='word_1_205' title='bbox 1096 2059 1316 2105; x_wconf 81' lang='lat' dir='ltr'>crassiore;</span> <span class='ocrx_word' id='word_1_206' title='bbox 1361 2076 1464 2099; x_wconf 83' lang='lat' dir='ltr'>anne</span> <span class='ocrx_word' id='word_1_207' title='bbox 1494 2062 1632 2115; x_wconf 80' lang='lat' dir='ltr'>specie</span> <span class='ocrx_word' id='word_1_208' title='bbox 1663 2061 1877 2100; x_wconf 71' lang='lat' dir='ltr'>diversae?</span> <span class='ocrx_word' id='word_1_209' title='bbox 1916 2060 2040 2097; x_wconf 78' lang='lat' dir='ltr'>Mes-</span> 
     </span>
     <span class='ocr_line' id='line_1_27' title="bbox 380 2132 2039 2186; baseline -0.003 -11"><span class='ocrx_word' id='word_1_210' title='bbox 380 2133 796 2175; x_wconf 78' lang='lat' dir='ltr'>serschmidius</span> <span class='ocrx_word' id='word_1_211' title='bbox 823 2132 1010 2186; x_wconf 82' lang='lat' dir='ltr'>prodidit</span> <span class='ocrx_word' id='word_1_212' title='bbox 1039 2132 1174 2172; x_wconf 83' lang='lat' dir='ltr'>caveis</span> <span class='ocrx_word' id='word_1_213' title='bbox 1205 2133 1277 2172; x_wconf 84' lang='lat' dir='ltr'>diu</span> <span class='ocrx_word' id='word_1_214' title='bbox 1304 2133 1481 2174; x_wconf 86' lang='lat' dir='ltr'>inclusas</span> <span class='ocrx_word' id='word_1_215' title='bbox 1511 2137 1678 2175; x_wconf 87' lang='lat' dir='ltr'>rubrum</span> <span class='ocrx_word' id='word_1_216' title='bbox 1709 2136 1892 2175; x_wconf 88' lang='lat' dir='ltr'>colorem</span> <span class='ocrx_word' id='word_1_217' title='bbox 1922 2132 2039 2172; x_wconf 87' lang='lat' dir='ltr'>amit-</span> 
     </span>
     <span class='ocr_line' id='line_1_28' title="bbox 379 2205 2037 2265; baseline -0.001 -18"><span class='ocrx_word' id='word_1_218' title='bbox 379 2219 490 2258; x_wconf 83' lang='lat' dir='ltr'>tere,</span> <span class='ocrx_word' id='word_1_219' title='bbox 546 2209 657 2263; x_wconf 87' lang='lat' dir='ltr'>quod</span> <span class='ocrx_word' id='word_1_220' title='bbox 687 2206 868 2260; x_wconf 76' lang='lat' dir='ltr'>experiri</span> <span class='ocrx_word' id='word_1_221' title='bbox 899 2205 1034 2255; x_wconf 88' lang='lat' dir='ltr'>volui,</span> <span class='ocrx_word' id='word_1_222' title='bbox 1094 2208 1166 2246; x_wconf 88' lang='lat' dir='ltr'>sed</span> <span class='ocrx_word' id='word_1_223' title='bbox 1210 2223 1303 2247; x_wconf 84' lang='lat' dir='ltr'>casu</span> <span class='ocrx_word' id='word_1_224' title='bbox 1334 2225 1543 2265; x_wconf 89' lang='lat' dir='ltr'>nunquam</span> <span class='ocrx_word' id='word_1_225' title='bbox 1574 2221 1772 2250; x_wconf 78' lang='lat' dir='ltr'>aestatem</span> <span class='ocrx_word' id='word_1_226' title='bbox 1802 2206 2037 2262; x_wconf 85' lang='lat' dir='ltr'>supervixe-</span> 
     </span>
    </p>
   </div>
   <div class='ocr_carea' id='block_1_3' title="bbox 381 2280 1848 2339">
    <p class='ocr_par' dir='ltr' id='par_1_5' title="bbox 381 2280 1848 2339">
     <span class='ocr_line' id='line_1_29' title="bbox 381 2280 1848 2339; baseline -0.001 -17"><span class='ocrx_word' id='word_1_227' title='bbox 381 2294 489 2322; x_wconf 79' lang='lat' dir='ltr'>runt.</span> <span class='ocrx_word' id='word_1_228' title='bbox 531 2308 572 2314; x_wconf 81' lang='lat'>-—</span> <span class='ocrx_word' id='word_1_229' title='bbox 615 2287 662 2322; x_wconf 84' lang='lat' dir='ltr'>In</span> <span class='ocrx_word' id='word_1_230' title='bbox 692 2284 822 2321; x_wconf 83' lang='lat' dir='ltr'>nucha</span> <span class='ocrx_word' id='word_1_231' title='bbox 851 2280 1041 2334; x_wconf 81' lang='lat' dir='ltr'>utrinque</span> <span class='ocrx_word' id='word_1_232' title='bbox 1071 2283 1152 2320; x_wconf 88' lang='lat' dir='ltr'>duo</span> <span class='ocrx_word' id='word_1_233' title='bbox 1181 2286 1253 2336; x_wconf 81' lang='lat' dir='ltr'>pili</span> <span class='ocrx_word' id='word_1_234' title='bbox 1278 2284 1385 2322; x_wconf 85' lang='lat' dir='ltr'>ultra</span> <span class='ocrx_word' id='word_1_235' title='bbox 1414 2286 1573 2339; x_wconf 81' lang='lat' dir='ltr'>plumas</span> <span class='ocrx_word' id='word_1_236' title='bbox 1602 2283 1848 2339; x_wconf 84' lang='lat' dir='ltr'>prominent.</span> 
     </span>
    </p>
   </div>
  </div>
 </body>
</html>
