2175 2931
895 173 1040 197 Ξ
1719 183 1800 221 213

123 276 302 334 primum
332 274 495 330 portum
527 271 704 312 salutare
735 282 777 313 et
819 283 1016 315 autumno
1047 273 1229 316 abituros
1259 274 1421 317 ibidem
1457 276 1530 318 diu
1567 289 1609 318 et
1639 281 1807 336 copiose

122 352 369 399 subsistere3
411 350 510 390 inde
541 362 640 388 vero
672 360 827 389 aestate
856 365 930 405 per
960 366 1127 391 omnem
1158 352 1408 393 orientalem
1441 353 1637 394 Sibiriam
1667 356 1806 398 distri-

120 430 301 470 buuntur
332 427 382 467 ad
411 425 668 467 educandam
698 425 885 480 prolem,
947 428 1129 483 adusque
1161 429 1281 469 Sinus
1313 444 1556 484 magnorum
1587 431 1807 474 fluviorum

120 505 165 546 in
196 504 396 545 arcticum
434 503 649 543 Oceanum
689 501 949 542 effluentium
981 505 1050 555 (v.
1081 519 1138 559 gr.
1179 505 1441 559 Obensem)‚
1486 521 1569 546 non
1613 521 1712 549 vero
1755 510 1807 550 ad

120 580 255 636 ipsam
284 578 406 620 maris
437 575 625 632 glacialis
659 592 787 618 oram.
845 579 1088 619 Adventant
1118 580 1161 620 in
1194 579 1486 622 Camtschatca
1528 585 1668 637 Majo,
1713 586 1805 625 abe-

118 667 193 696 unt
221 655 321 696 inde
350 656 423 695 sub
455 655 579 694 finem
611 652 790 701 mensis3
834 665 929 709 post
970 655 1155 695 medium
1198 657 1376 712 Augusti
1405 658 1581 698 redeunt
1609 670 1651 700 et
1683 661 1733 700 ad
1764 661 1806 700 fi-

115 746 212 772 nem
244 729 440 772 Octobris
470 744 598 785 usque
628 740 947 770 commorantur.
1020 733 1067 770 In
1100 731 1254 772 Curilis
1300 732 1447 773 insulis
1477 749 1559 775 non
1590 747 1803 791 apparent.

113 832 167 839 —
196 808 265 848 Ad
294 807 475 862 Volgam
503 805 746 846 inferiorem
778 806 1006 847 adventant
1022 807 1176 848 Martio
1209 808 1276 848 vel
1306 808 1459 864 Aprili,
1491 811 1802 867 quamprimum

114 882 268 939 glacies
297 883 432 923 soluta
462 893 548 932 est,
592 882 768 922 redeunt
797 893 993 923 autumno
1033 894 1076 923 et
1107 885 1158 924 ad
1189 885 1454 925 Novembrin
1493 902 1620 942 usque
1650 888 1807 943 passim.

115 970 437 1000 commorantur.
497 957 619 999 Circa
650 956 973 999 meridionalem
1001 974 1114 999 oram
1148 959 1401 1001 Chersonesi
1431 962 1614 1003 tauricae
1643 978 1720 1019 per
1748 975 1807 1004 to=

111 1046 197 1076 tam
229 1033 429 1090 hyemem
459 1033 637 1090 gregarii
668 1045 894 1074 versantur.
967 1034 1106 1075 Etiam
1135 1035 1179 1075 in
1215 1035 1507 1078 Camtschatca
1551 1054 1634 1079 non
1663 1039 1804 1080 onmia

113 1112 269 1152 abeunt
298 1113 370 1152 sed
401 1110 511 1152 circa
543 1110 635 1150 loca
664 1109 898 1159 Vulcania,
930 1110 1079 1151 calidis
1111 1111 1227 1166 aquis
1258 1111 1529 1153 scaturientia
1559 1115 1803 1163 subsistunt,

111 1187 360 1243 praesertim
390 1187 500 1227 circa
530 1187 626 1225 fluv.
658 1184 904 1240 Bolschaja,
952 1189 1108 1226 Lacum
1140 1186 1398 1237 Curilicum,
1444 1188 1637 1245 rivosque
1675 1193 1803 1230 Avat-

110 1261 235 1311 seha,
265 1263 459 1308 Jelofka‚
489 1259 771 1316 Tolpatscha,
802 1261 875 1302 ubi
906 1265 1176 1317 Potamogeta
1207 1275 1248 1303 et
1278 1262 1456 1304 Calthae
1486 1265 1647 1305 radices
1677 1267 1803 1321 pabu—

110 1338 198 1379 lum
228 1337 509 1394 subpeditant.
568 1336 653 1376 Ubi
686 1350 738 1375 ex
771 1348 906 1377 austro
938 1339 1112 1378 veniunt
1146 1339 1283 1394 parvis
1313 1353 1478 1394 quoque
1509 1341 1655 1380 turmis
1679 1343 1804 1381 advo-

109 1415 222 1462 lant,
252 1413 353 1454 dein
383 1428 456 1470 per
486 1411 601 1469 paria
631 1412 683 1452 ad
712 1411 834 1453 nidos
864 1412 1182 1468 disperguntur,
1217 1414 1408 1454 fidissimi
1438 1416 1627 1470 conjugii
1658 1431 1799 1457 exem-

109 1490 227 1546 plum
256 1491 529 1545 praebentes,
561 1488 605 1528 in
634 1499 822 1535 tantum,
866 1500 911 1528 ut
941 1504 1024 1529 non
1056 1490 1189 1530 solum
1219 1489 1520 1546 inseparabiles
1551 1507 1714 1548 semper
1744 1492 1803 1532 vi-

111 1577 238 1613 vant,
269 1566 342 1606 sed
373 1568 548 1620 conjuge
579 1563 717 1605 occisa
746 1578 845 1612 maS‚
879 1563 949 1608 vel
983 1565 1165 1605 foemina
1196 1577 1415 1621 superstes,
1446 1582 1522 1623 per
1550 1569 1704 1609 multos
1735 1584 1801 1608 an-

110 1657 184 1683 nos
228 1641 339 1682 circa
382 1639 527 1681 solitos
572 1641 685 1680 lacus
726 1639 771 1680 in
813 1638 1021 1680 viduitate
1053 1640 1298 1681 continuare
1328 1643 1583 1685 observetur.
1670 1647 1800 1685 Lacus

109 1717 354 1773 praesertim
385 1728 524 1757 amant
555 1717 686 1756 multa
717 1716 826 1757 Ulva
857 1725 899 1754 et
929 1715 1083 1770 plantis
1111 1716 1324 1757 inundatis
1354 1730 1397 1758 et
1426 1719 1649 1760 submersis
1685 1736 1800 1775 squa-

110 1793 243 1843 lidos,
277 1792 404 1833 etiam
435 1791 786 1833 subamaricantes
815 1803 858 1832 et
886 1790 1132 1842 foetidulos,
1165 1792 1308 1847 quales
1341 1794 1495 1834 deserti
1524 1794 1663 1850 campi
1689 1794 1800 1835 circa

110 1868 338 1909 Ischimum
368 1881 410 1909 et
442 1871 720 1917 Barakenses,
750 1867 910 1909 habent
939 1867 1154 1924 plurimos.
1215 1871 1260 1908 In
1294 1883 1445 1924 genere
1462 1869 1711 1926 Hippuridis
1730 1873 1799 1912 vel

112 1943 324 1994 Elatines,
357 1948 754 2000 Potamogetonum,
786 1943 1002 1985 Alismatis
1032 1954 1075 1984 et
1104 1943 1282 1985 Calthae
1313 1945 1523 1987 radicibus
1561 1959 1795 2002 pascuntur,

112 2035 236 2076 quam
265 2019 456 2060 ultimam
485 2020 583 2061 ideo
614 2021 735 2061 Rossi
764 2021 1103 2062 Lebaeshielzoren
1132 2020 1375 2076 (Cygneam
1407 2021 1618 2077 radicem)
1659 2024 1798 2079 appel-

110 2096 260 2137 larunt.
336 2099 383 2136 In
414 2096 561 2137 Rossia
605 2096 779 2137 cicurati
812 2097 960 2138 Olores
990 2096 1235 2150 praesertim
1277 2097 1393 2138 vocis
1424 2114 1544 2139 causa
1575 2098 1796 2140 domestici

112 2172 302 2219 aluntur,
346 2173 537 2226 neglecta
569 2173 696 2213 altera
727 2172 892 2228 specie,
934 2186 1110 2225 caroque
1156 2172 1328 2213 curiosis
1359 2175 1620 2223 venduntur,
1662 2175 1797 2216 sicubi

111 2248 198 2288 levi
230 2248 400 2288 vulnere
430 2259 589 2296 tactos,
621 2248 688 2288 vel
719 2248 783 2288 ala
811 2248 952 2297 fracta,
985 2258 1201 2287 venatores
1234 2249 1351 2289 vivos
1383 2250 1567 2305 capiunt.
1625 2250 1796 2292 Etenim

110 2323 242 2364 adulti
288 2339 451 2379 quoque
495 2324 616 2365 facile
660 2335 948 2364 mansuescunt
990 2334 1032 2363 et
1074 2326 1168 2363 vere
1213 2325 1317 2365 Olor
1359 2342 1454 2367 voce
1502 2327 1792 2367 amoenissime

111 2400 281 2457 clanga‚
314 2394 428 2457 arge⁵
563 2401 726 2445 sonanti
756 2402 1061 2457 comparanda,
1105 2400 1232 2442 etiam
1270 2400 1381 2443 inter
1410 2403 1636 2444 volandum
1665 2417 1787 2460 saepe
