2175 2931
368 197 426 242 68
1142 205 1288 233 ez

365 303 591 364 fuliginoso
620 316 929 363 conspurcatae.
988 303 1112 346 Pedes
1142 301 1296 359 hyeme
1325 301 1498 360 plumis,
1528 303 1773 361 praesertim
1801 304 1912 346 circa
1942 304 2047 362 digi-

365 395 429 425 tos
461 382 738 433 densissimis,
776 381 899 423 villos
929 379 1222 429 referentibus,
1261 381 1335 421 sed
1363 379 1567 429 elasticis,
1596 391 1639 421 et
1667 397 1789 437 supra
1821 381 2051 436 digitorum

365 459 472 501 latus
502 458 676 499 inferius
708 459 864 499 nudum
897 455 1126 497 arctissime
1158 455 1503 508 conniventibus,
1534 467 1581 497 ut
1610 468 1697 498 tota
1728 458 1870 514 planta
1900 457 2051 499 villosa

364 535 569 576 videatur.
603 560 652 565 —
680 535 842 575 Pondus
871 531 1073 580 sibiricis,
1111 531 1355 587 majoribus,
1399 532 1510 574 inter
1545 540 1590 575 18
1620 543 1663 574 et
1694 542 1742 576 25
1774 533 1917 574 uncias
1947 532 2053 573 vari-

365 620 430 659 at3
476 609 521 650 in
552 610 719 651 aestivis
749 608 930 650 maribus
960 610 1012 650 ad
1047 616 1106 650 16.
1138 608 1303 649 feminis
1332 610 1384 650 ad
1421 616 1464 652 15
1494 609 1637 651 uncias
1667 608 1888 658 minuitur,
1924 618 1968 649 et
1994 611 2051 662 ju-

363 685 502 726 niores
532 685 782 726 hornotinae
815 700 929 735 aveS‚
987 687 1176 741 Augusto
1214 685 1401 736 adultae,
1458 686 1584 741 paulo
1614 686 1722 726 ultra
1758 703 1800 726 10
1833 699 1927 726 unc.
1954 698 2053 740 pen-

370 762 485 802 dent.
557 765 604 803 In
643 760 819 803 Scoticis
862 760 1014 802 adultis
1056 762 1217 817 pondus
1265 771 1310 811 14
1339 761 1556 802 unciarum
1604 761 1979 818 Willughbejus
2009 769 2052 800 et

360 838 650 879 Pennantus
678 849 876 878 statuunt.
934 840 1114 892 Majores
1143 836 1337 878 sibiricae
1366 852 1497 894 prope
1528 838 1725 893 alpestres
1755 848 1932 886 tractus,
1972 834 2053 875 mi-

366 928 486 954 nores
516 925 781 969 campestres.
839 916 897 953 At
925 913 969 953 in
1001 915 1138 954 Insula
1168 912 1375 968 Beringii,
1406 915 1564 955 stelle
1579 929 1632 954 ro
1661 914 1927 961 observante,
1970 922 2052 951 ter·

361 987 421 1028 tia
457 1001 574 1045 parte
605 993 780 1043 majores
809 989 935 1030 etiam
967 989 1290 1039 Camtchaticis,
1340 1004 1445 1044 quae
1474 1001 1615 1031 tamen
1644 989 1755 1030 inter
1783 987 1982 1029 Sibiricas
2012 1001 2051 1026 e-

366 1063 541 1105 minent.
601 1069 781 1119 Majores
811 1065 940 1106 etiam
970 1067 1153 1115 fuerunt,
1185 1081 1285 1121 quas
1316 1079 1390 1121 per
1420 1065 1602 1106 amicum
1633 1076 1909 1106 mercatorem
1938 1066 2050 1104 eLa-

359 1139 541 1180 bratoria
569 1141 794 1181 Americae
825 1152 1061 1196 procuratas
1092 1140 1241 1190 habui,
1287 1140 1477 1181 Sibiricis
1508 1142 1560 1181 ad
1589 1140 1814 1181 minimum
1843 1139 2051 1195 aequales,

359 1227 491 1257 rostro
529 1217 615 1257 fere
646 1215 892 1257 robustiore.
964 1218 1114 1268 (Erant
1143 1227 1281 1257 autem
1309 1214 1390 1257 hae
1420 1217 1560 1258 colore
1589 1217 1783 1272 hyberno
1813 1215 1934 1265 albo,
1977 1216 2050 1257 sed

363 1290 503 1346 capite
533 1292 746 1346 colloque,
790 1303 954 1347 praeter
983 1291 1186 1332 verticem
1217 1290 1630 1346 albo-variegatum‚
1673 1291 1880 1332 aestivum
1911 1304 2051 1332 serva·

359 1366 461 1406 bant
491 1367 694 1417 colorem,
738 1378 916 1407 saturate
944 1368 1333 1416 brunneo-rufum,
1378 1367 1514 1423 qualis
1545 1367 1673 1409 etiam
1705 1367 1833 1407 rarius
1862 1367 1907 1407 in
1938 1365 2050 1408 Sibi-

357 1441 461 1484 ricis
498 1442 680 1483 maribus
710 1442 972 1492 observatur,
1015 1442 1183 1483 undulis
1213 1442 1452 1483 transversis
1480 1443 1605 1485 fuscis
1633 1455 1795 1484 tantum
1824 1457 1963 1484 versus
1991 1446 2049 1498 ju-

357 1518 499 1573 gulum
530 1518 703 1559 crebris.
760 1520 962 1560 Rectrices
990 1518 1185 1575 utrinque
1216 1526 1254 1561 3.
1285 1518 1469 1560 extimae
1498 1518 1618 1575 apice
1646 1534 1730 1560 non
1751 1519 1884 1560 albae.
1943 1519 2048 1562 Cae·

350 1607 476 1635 erum
530 1593 723 1635 omnibus
752 1594 938 1651 partibus
968 1594 1172 1635 Sibiricae
1202 1594 1269 1635 avi
1299 1593 1577 1648 simillimae).

490 1674 533 1718 β.
565 1673 876 1712 Varietatem
905 1670 1141 1727 Lagopodis
1170 1686 1338 1727 parvam
1371 1681 1414 1710 et
1443 1670 1584 1712 colore
1613 1668 1712 1711 satis
1727 1669 1948 1718 diversam,
1998 1670 2045 1714 in

353 1743 473 1787 terris
528 1747 691 1788 arcticis
733 1749 785 1789 ad
828 1751 1062 1802 Kovymam
1104 1748 1144 1787 fl.
1188 1758 1231 1787 et
1272 1745 1316 1786 in
1348 1745 1532 1787 maxime
1562 1746 1835 1788 orientalibus
1864 1746 2043 1789 Sibiriae

353 1821 588 1876 vulgarem,
633 1838 708 1879 per
735 1825 790 1864 D.
823 1825 877 1864 D.
907 1825 1064 1871 Menz,
1108 1824 1489 1877 Billingsianae
1526 1821 1812 1878 expeditionis
1840 1823 2041 1875 sodalem,

352 1897 521 1954 accepi,
553 1914 658 1954 quae
690 1899 895 1956 peculiari
926 1897 1208 1954 descriptione
1238 1897 1365 1953 digna
1394 1908 1478 1938 est:
1528 1897 1687 1937 Differt
1715 1897 1899 1938 maxime
1929 1898 2043 1941 dorsi

350 1984 393 2013 et
422 1973 524 2014 colli
558 1975 698 2016 colore
735 1975 871 2030 magis
900 1975 1361 2030 gryseo-flavescente‚
1392 1972 1559 2013 undulis
1589 1972 1877 2015 subtilioribus
1906 1975 2039 2016 varie-

350 2060 473 2104 gato,
528 2051 579 2091 ad
610 2050 932 2091 similitudinem
974 2048 1249 2090 foeminarum
1278 2059 1320 2088 et
1350 2048 1559 2102 juniorum
1601 2048 1768 2104 majoris
1808 2049 2038 2093 varietatis.

349 2126 442 2166 Alis
484 2137 695 2167 caeterum
738 2128 952 2182 caudaque
994 2124 1212 2166 simillima
1242 2136 1285 2165 et
1314 2124 1468 2182 hyeme
1511 2124 1668 2182 pariter
1704 2137 1815 2177 tota,
1873 2138 2038 2182 praeter

348 2214 505 2255 pennas
534 2202 690 2258 nigras,
722 2202 915 2244 cand‘sda.

491 2280 632 2333 Cystis
662 2278 785 2319 fellea
815 2279 858 2319 in
890 2280 1112 2335 Lagopode
1145 2277 1368 2332 conspicua
1403 2278 1530 2320 nulla.
1589 2279 1825 2320 Intestinum
1845 2288 1911 2331 44.
1943 2280 2032 2336 pol-

349 2349 478 2393 licum
494 2371 505 2403 ;
535 2370 656 2396 coeca
684 2362 769 2400 263.
798 2355 978 2411 pollices
1008 2366 1207 2411 aequant,
1238 2353 1492 2406 fusiformia‚
1525 2365 1713 2397 extremo
1744 2367 1884 2408 acuta,
1924 2360 2033 2398 senis
