2175 2931
865 187 1009 212 ΞΓ..
1689 193 1774 232 215

95 291 314 346 longitudo
345 290 516 337 eadem,
549 286 649 328 licet
681 288 767 329 avis
796 288 944 329 minor.
985 291 1166 329 Generat
1195 291 1329 345 pullos
1356 287 1494 345 primo
1525 305 1632 331 anno
1663 291 1773 332 cine-

94 382 197 407 reos.
227 392 280 398 ——
310 367 562 406 Scellerus
588 364 777 419 prodidit
807 366 858 405 ad
888 363 1133 405 inferiorern
1162 368 1317 406 Lenam
1349 367 1489 407 Oloris
1526 367 1615 407 dari
1646 367 1776 408 varie-

94 454 224 484 tatem
254 442 326 482 vix
357 444 515 482 Ansere
545 439 830 496 erythropode
860 444 1078 495 majorem,
1115 457 1220 496 quae
1251 443 1382 482 multa
1412 442 1567 484 habeat
1594 443 1776 499 peculia-

92 518 179 569 ria,
213 519 284 558 sed
316 521 430 573 cujus
458 515 685 571 descriptio
716 532 916 572 nusquam
947 516 991 556 in
1019 519 1160 559 M82tis
1189 522 1275 572 ejus
1312 529 1473 569 exstat,
1516 530 1558 559 et
1588 520 1693 559 forte
1725 520 1777 560 de

93 595 245 635 Ansere
276 594 525 650 hyperboreo
556 593 706 633 relatio
735 592 1027 648 intelligenda,
1057 608 1182 648 quem
1211 594 1372 636 Ostiaci
1404 609 1568 651 quoque
1585 596 1778 650 Cygnum

92 680 247 711 mutum
280 670 513 725 appellant,

226 746 335 786 Not.
369 762 406 785 2.
465 745 533 786 Ob
564 759 758 800 magnam
790 745 1031 800 Cygnorum
1061 746 1229 802 copiam
1257 747 1410 802 lanugo
1439 763 1582 788 eorum
1602 747 1646 788 in
1662 746 1777 788 omni

88 820 268 871 Sibiria‚
301 820 530 876 Rossiaque
561 821 830 871 australiore,
862 836 1009 877 parum
1038 823 1267 878 populosa,
1311 824 1599 879 copiosissime
1629 822 1777 879 colligi

86 908 242 953 posset.
302 897 385 937 Sed
414 897 660 952 plerumque
692 896 920 952 negligitur
949 909 993 938 et
1020 898 1186 939 barbari
1216 899 1463 955 praesertim
1487 905 1654 955 Cygnos
1683 914 1776 955 pro-

87 984 181 1028 pter
210 987 352 1014 carnes
382 984 542 1013 tantum
573 972 772 1014 occidunt
801 985 844 1014 et
872 974 1033 1030 plumas
1062 974 1158 1030 igne
1191 977 1422 1025 amburunt,
1453 991 1505 1016 ne
1527 975 1691 1031 longius
1721 974 1774 1015 faa

86 1060 249 1089 cessant
278 1049 510 1104 negotium.
572 1048 804 1104 Capiuntur
833 1062 971 1091 autem
1003 1051 1128 1091 variis
1159 1051 1320 1106 laqueis
1351 1050 1604 1106 retibusque,
1634 1062 1679 1092 ut
1709 1066 1776 1092 an·

87 1139 225 1172 seres‚·
267 1140 416 1180 magna
457 1139 555 1164 vero
599 1124 721 1180 copia
751 1126 796 1166 in
826 1127 930 1167 loeis
961 1126 1162 1176 desertis,
1207 1125 1280 1167 ubi
1311 1126 1539 1167 solitudine
1571 1138 1614 1166 et
1642 1126 1777 1169 victus

88 1201 344 1240 abundantia
373 1200 506 1241 securi
536 1216 691 1256 pennas
722 1213 884 1242 mutant
914 1213 958 1243 et
999 1202 1173 1257 abjectis
1215 1201 1442 1256 remigibus
1472 1202 1612 1242 volare
1643 1202 1777 1243 nescii

87 1287 205 1323 sunt,
236 1275 407 1331 perticis
437 1276 693 1330 fustibusque
723 1279 967 1318 caeduntur.
1037 1277 1173 1318 Jacuti
1203 1277 1399 1317 dicuntur
1438 1288 1567 1317 noctu
1595 1277 1639 1317 in
1668 1279 1777 1319 lacu-

86 1352 186 1401 bus,
218 1366 320 1406 quos
350 1350 485 1406 Cygni
516 1351 806 1406 frequentant,
853 1368 1029 1393 accenso
1060 1352 1278 1393 subitaneo
1319 1351 1417 1407 igne
1461 1353 1633 1394 allectos
1670 1354 1780 1395 occi-

89 1427 199 1467 dere.
258 1429 306 1466 In
337 1441 488 1482 genere
516 1427 653 1482 Cygni
685 1427 905 1484 spontanei
938 1428 1218 1485 pinguissimi,
1250 1438 1292 1468 et
1321 1427 1503 1482 juniores
1533 1428 1781 1484 praesertim

87 1502 288 1544 delicatas
317 1518 393 1558 pro
422 1503 576 1544 mensis
607 1518 751 1544 carnes
780 1506 996 1560 praebent.

514 1633 629 1678 317.
720 1626 1048 1673 CYGNUS
1130 1630 1350 1675 sibilus.

224 1733 270 1775 C.
303 1733 413 1774 collo
441 1733 652 1783 flexuoso,
696 1743 828 1774 rostro
866 1734 1092 1785 coccineo,
1135 1735 1280 1775 baseos
1314 1735 1460 1775 tubere
1497 1734 1681 1790 lorisque
1717 1735 1779 1776 ni-

86 1809 180 1865 gris·

314 1887 482 1941 Cygnus
513 1898 751 1927 mansuetus
778 1888 1035 1938 Auctorum‚
1092 1887 1209 1929 Zool.
1260 1887 1352 1928 brie.
1396 1901 1490 1943 pag.
1529 1895 1616 1938 149.
1647 1901 1708 1939 sp.
1740 1902 1777 1926 2.

365 1964 448 2004 tab.
480 1964 531 2020 Q.

314 2040 508 2095 CygnUS‚
553 2040 706 2081 Frisch.
753 2056 817 2081 av.
861 2039 945 2081 tab,
982 2046 1068 2082 152.
1125 2039 1320 2081 Edward.
1358 2055 1422 2080 av.
1462 2039 1516 2079 ΙΙ.
1553 2054 1593 2093 p.
1624 2047 1662 2079 eL·
1691 2038 1776 2080 tab.

374 2122 461 2156 150.
491 2114 640 2170 Caput.

312 2194 430 2231 Mute
462 2192 606 2240 Swan,
651 2192 772 2232 Penn.
800 2191 918 2232 Zool.
958 2201 1058 2231 arce.
1088 2193 1142 2231 II.
1173 2207 1210 2245 p.
1246 2198 1339 2242 543.
1371 2206 1406 2231 η.
1439 2199 1532 2245 470.
1589 2191 1777 2232 Latham.

370 2283 434 2307 av.
467 2267 536 2306 VI.
567 2282 606 2322 p.
637 2274 729 2317 436.
760 2282 798 2307 η.
829 2283 866 2306 2.

312 2345 424 2384 Anas
454 2343 583 2392 Olor,
616 2344 785 2385 Gmelin.
817 2344 1025 2398 syst.Li72.
1056 2344 1109 2383 ΙΙ.
1142 2359 1181 2398 p.
1214 2349 1306 2385 501.
1338 2360 1399 2400 sp.
1432 2359 1468 2384 2.

200 2418 373 2461 Rossice
405 2435 428 2459 a
456 2419 656 2472 stridore,
689 2435 814 2475 quern
838 2434 916 2476 pro
946 2432 1050 2460 voce
1080 2418 1169 2460 edit
1195 2421 1385 2476 Schipan.
