2175 2931
381 204 461 244 172
1133 203 1281 225 Ξ

372 303 539 361 Aprili,
585 304 822 361 Septembri
865 316 905 343 et
948 300 1148 351 Octobri,
1192 301 1236 341 in
1281 300 1434 342 Sibiria
1476 303 1720 358 pracsertim
1749 302 1794 344 in
1822 304 2059 346 borealibus

373 384 616 431 observata,
678 381 750 421 ubi
780 380 998 436 prolificat.
1072 377 1284 433 Petropoli
1323 379 1521 419 adventat
1548 391 1737 436 tempore
1767 381 2059 434 gemnmtionis

371 457 556 514 primae,
596 457 841 513 plerumque
872 467 997 495 vento
1029 454 1207 495 occiduo
1237 456 1389 505 flante,
1433 455 1534 496 licet
1561 455 1767 512 pluvioso.
1829 458 1877 495 In
1906 457 2059 497 Tauria

369 544 567 573 autumno
598 533 670 573 diu
700 544 908 582 moratur,
953 530 1134 587 primum
1165 530 1208 570 in
1240 531 1415 586 apricis,
1459 531 1669 582 humidis,
1705 531 1812 587 {dein
1842 531 2058 587 frigidiore

369 624 508 648 versus
538 607 801 648 Novembrin
831 619 1105 664 tempestate,
1137 606 1181 647 in
1217 608 1479 648 convallibus
1510 624 1546 663 s)
1559 609 1697 657 lvosis,
1729 606 1864 647 vineis
1895 619 1936 647 et
1966 607 2059 648 hor-

370 684 423 725 tis
453 699 548 725 orae
580 683 891 734 meridionalis,
937 685 1075 733 unde,
1129 685 1369 723 confirmata
1398 685 1568 724 tandem
1601 684 1779 739 hyeme,
1828 683 1873 723 in
1903 685 2058 724 Anato-

366 759 468 799 liam
497 760 667 813 trajicit.
741 760 971 802 Moderatis
1009 775 1110 800 vero
1153 759 1269 799 annis
1310 760 1436 800 etiarn
1467 775 1542 815 per
1570 772 1703 801 totam
1733 760 1930 815 hyemem
1962 758 2060 799 resi-

364 836 461 884 det,
522 847 563 876 et
604 837 701 891 gelu
742 853 816 892 per
858 848 1120 876 transennam
1168 836 1360 876 incidens
1400 851 1482 875 non
1512 835 1649 876 timet.
1736 836 1972 889 (Hybernat
2000 834 2060 876 sic

365 911 493 951 etiam
523 927 645 967 saepe
679 913 724 952 in
755 913 909 967 Anglia
940 923 982 952 et
1010 911 1156 952 insulis
1186 911 1295 951 inter
1319 914 1530 966 Europam
1561 922 1602 950 et
1626 910 1866 950 Americam
1896 911 2059 965 sparsis.

365 988 491 1028 Sedet
533 987 576 1027 in
619 989 833 1029 tuberibus
877 1000 1011 1028 terrae
1057 987 1254 1028 muscosis
1302 988 1489 1027 adtracto
1520 986 1685 1042 capite,
1731 985 1845 1041 quasi
1878 987 2059 1042 stupida.

365 1067 480 1103 Inter
522 1063 691 1104 frutices
736 1080 831 1105 cum
874 1064 1027 1118 exigua
1064 1075 1247 1119 strepera
1287 1078 1390 1104 voce
1422 1063 1547 1103 volat.
1621 1062 1776 1117 Migrat
1804 1062 2061 1118 praesertim

365 1139 543 1195 vesperi.

500 1216 674 1256 Descr.
734 1219 871 1258 Moles
910 1215 1111 1256 Perdicis.
1182 1218 1372 1258 Rostrum
1416 1215 1523 1257 tibia
1566 1232 1662 1257 curn
1706 1215 1843 1271 digito
1881 1214 2058 1270 longius,

363 1292 725 1342 subattenuatum,
770 1304 960 1332 extremo
1003 1292 1347 1341 crassiusculum,
1394 1283 1883 1346 subrugoso-s'cabrum,
1938 1291 2059 1346 apice

364 1366 574 1422 superiore
617 1367 797 1415 conico,
839 1369 969 1422 (quod
1011 1368 1203 1408 omnibus
1247 1369 1335 1408 fere
1376 1368 1723 1423 Scolopacibus),
1766 1367 1855 1407 basi
1890 1368 2057 1408 flavum.

363 1442 522 1482 Oculia
546 1453 677 1481 rostro
703 1442 985 1482 remotissimi.
1045 1444 1172 1484 Frons
1200 1444 1307 1483 ultra
1337 1444 1491 1493 oculos,
1524 1454 1695 1498 totaque
1726 1443 1853 1483 facies
1884 1443 2056 1499 pallida,

361 1519 477 1557 fusco
506 1517 717 1566 undulata,
749 1522 836 1559 loro
866 1518 984 1573 nigro
1014 1518 1208 1573 utrinque
1240 1519 1389 1559 divisa.
1457 1521 1646 1559 Lineolae
1678 1521 1752 1559 sub
1786 1519 1897 1558 collo
1927 1530 2053 1559 trans-

360 1607 502 1633 versae
531 1592 672 1647 nigrae
702 1593 947 1648 pracsertim
977 1605 1152 1648 quatuor
1181 1593 1454 1649 insigniores,
1486 1593 1684 1648 reliquis,
1727 1594 1877 1649 quibus
1905 1609 2054 1650 corpus

361 1681 496 1710 totum
533 1670 674 1709 subtus
710 1668 978 1710 transversim
1016 1669 1236 1724 virgatum.
1307 1671 1486 1711 Dorsum
1515 1681 1558 1710 et
1587 1674 1677 1711 alae
1715 1670 1891 1725 pulchre
1921 1670 2053 1711 varie-

361 1757 456 1801 gato
500 1746 640 1795 fulvo,
686 1744 823 1784 fasciis
866 1745 995 1800 nigris
1039 1746 1271 1801 fuscisque,
1318 1746 1478 1802 aliquot
1518 1746 1622 1786 item
1666 1746 1770 1787 albis
1800 1762 1920 1808 supra
1951 1747 2049 1797 alas,

359 1821 594 1876 plumarum
635 1820 940 1862 terminalibus.
1023 1824 1211 1876 Remiges
1253 1827 1520 1877 rectricesque
1562 1823 1747 1863 exterius
1793 1821 2050 1875 ferrugineo-

360 1898 583 1946 dentatae,
635 1897 884 1953 posteriores
915 1897 1034 1953 apice
1064 1898 1258 1945 albidae,
1312 1909 1354 1938 et
1385 1909 1496 1938 atrae
1526 1898 1634 1938 intra
1671 1898 1848 1954 apicem.
1922 1898 2053 1940 Pede-s

359 1973 469 2014 inter
498 1987 642 2013 omnes
672 1975 919 2028 Scolopaces
949 1973 1211 2023 brevissimi,
1243 1976 1537 2023 flavescente&
1571 1978 1733 2028 femora
1764 1974 1836 2015 vix
1866 1975 2048 2016 denuda-

358 2061 421 2097 ta;
453 2050 574 2103 digiti
602 2049 867 2105 longiusculi,
901 2050 1150 2089 membranis
1180 2049 1328 2099 uullis;
1359 2056 1538 2106 posticas
1569 2051 1658 2092 sine
1687 2066 1822 2106 ungue
1854 2051 2048 2092 muricus!

357 2127 550 2166 Mensura
595 2125 717 2166 rostri
763 2131 820 2165 Ψ.
863 2127 933 2180 7’”.
975 2124 1173 2166 tibiarum
1221 2128 1274 2166 1''.
1305 2131 1375 2168 3‘'‘.
1417 2126 1543 2183 digiti
1571 2127 1704 2170 medii
1739 2133 1792 2169 1⁰.
1823 2132 1893 2184 7''‘.
1921 2128 2048 2168 ulnae

359 2201 517 2243 alarum
545 2204 604 2258 7‘'.
637 2202 705 2243 2⁰².
