2175 2931
894 175 1038 199 ’ΞΖ-Σ
1695 176 1781 216 237

246 275 405 317 Littora
435 272 596 317 Oceani
625 274 813 330 glacialis
850 277 977 318 totius
1021 278 1278 334 frequentat,
1329 276 1575 334 praesertim
1618 277 1786 334 copiosa

109 354 218 395 eirca
247 353 530 409 promontoria
560 352 761 407 rupestria
789 355 939 394 Jalmal
983 355 1034 394 ad
1075 353 1227 395 osrium
1274 354 1384 394 sinus
1429 353 1635 403 Obensis,
1676 355 1786 393 unde

108 444 130 469 e
162 429 268 484 gulis
283 427 601 469 versicoloribus
632 427 754 482 hujus
785 430 915 470 anatis
945 441 1160 470 consutam
1192 430 1415 486 pelliceam
1446 441 1603 469 vestem
1636 428 1787 469 adferri

111 504 226 551 vidi;
257 504 361 545 item
391 503 500 544 circa
545 507 683 544 Lenae
725 505 841 546 ostia.
925 509 1034 545 Vere
1076 506 1289 546 turmatim
1334 522 1409 561 per
1452 503 1789 546 Camtschatcam

107 581 313 635 migrant,
345 595 498 635 paucae
527 579 696 620 resides.
753 583 872 620 Tunc
901 580 1225 635 pinguissimae,
1265 583 1450 637 pondere
1483 589 1503 622 5
1540 581 1679 621 librar.
1743 583 1790 620 In

109 656 214 696 mari
242 655 556 697 Camtschatico
585 654 792 710 imprimis
824 656 1059 710 frequentat
1080 657 1366 697 Promontoria
1396 658 1585 704 Olutora,
1617 657 1787 711 Caraga,

107 732 295 786 Lopatka
326 742 368 771 et
396 731 549 771 insulas
580 730 767 779 Curilas,
798 731 867 771 ubi
899 743 1061 772 tantum
1093 747 1190 771 vere
1222 743 1446 786 apparent,
1490 743 1660 786 tumque
1700 732 1790 787 pin·

106 806 341 862 guissimae.
412 808 519 848 Cum
547 807 680 863 glacie
709 807 925 857 fluitante,
969 819 1015 848 ut
1053 811 1202 848 Lutrae
1245 808 1454 858 marinae,
1499 822 1552 847 ex
1593 806 1789 847 America

108 884 318 923 adventat.
377 883 469 923 Ουα
497 882 542 922 in
572 881 777 937 scopulis,
809 883 1036 938 insulisque
1066 884 1211 939 ponit,
1256 895 1298 923 et
1326 884 1431 924 item
1466 883 1662 938 lanug{ne
1693 896 1789 937 ope—

107 958 185 1007 rit,
221 961 334 1012 cujus
363 957 647 998 teneritudine
678 969 719 998 et
749 958 1001 1000 elasticitdte
1047 975 1130 1000 non
1160 959 1334 1000 inferior
1361 958 1661 1016 praecedenti3
1704 956 1792 997 imo

107 1034 289 1074 similem
319 1033 510 1074 bonitate
539 1034 780 1088 lanuginem
808 1036 1056 1089 praeberent
1086 1038 1242 1077 Anates
1274 1035 1457 1076 marinae
1488 1049 1644 1083 omnes,
1673 1046 1789 1088 prae-

106 1109 252 1149 sertim
281 1112 333 1149 A.
364 1109 507 1165 nigra,
540 1110 716 1160 Marila,
748 1122 894 1160 acuta,
926 1111 1120 1161 Stelleri,
1163 1111 1364 1166 glacialis.
1438 1114 1485 1150 In
1517 1109 1620 1150 mari
1650 1120 1788 1149 natan-

106 1196 167 1225 tes
198 1188 249 1225 A.
281 1187 522 1240 spectabiles
552 1201 672 1240 aegre
703 1187 950 1235 subvolant,
991 1187 1092 1227 licet
1132 1187 1448 1242 insequentibus
1477 1186 1523 1225 in
1553 1183 1707 1239 scapha
1736 1187 1792 1238 ja-

107 1259 386 1309 culatoribus,
419 1262 492 1300 sed
522 1261 738 1301 celerrime
769 1273 928 1301 natant.
999 1263 1042 1302 Si
1072 1274 1214 1302 tamen
1243 1262 1374 1301 semel
1404 1276 1425 1301 e
1457 1259 1561 1301 mari
1592 1274 1634 1299 se
1663 1269 1789 1298 sustu-

106 1336 270 1385 lerunt,
302 1335 461 1391 optime
492 1347 534 1376 et
565 1336 647 1376 alte
678 1337 834 1377 volant.
893 1337 1104 1377 Victitant
1131 1336 1304 1378 conchis
1339 1336 1584 1392 praesertim
1607 1333 1790 1375 marinis.

216 1413 411 1453 ⁴Descr.
483 1411 793 1453 Camtschatica
835 1416 938 1454 mole
982 1425 1148 1469 superat
1189 1415 1398 1452 Anserem
1448 1411 1789 1466 erythropodem.

106 1489 296 1529 Rostrum
323 1502 485 1542 cygneo
516 1487 678 1537 simile,
711 1503 846 1543 ungue
876 1488 987 1529 intus
1019 1488 1240 1529 evidenter
1269 1488 1438 1538 striato,
1470 1499 1515 1527 ut
1544 1487 1588 1527 in
1618 1489 1792 1526 Ansere.

111 1564 244 1604 Tuber
273 1578 393 1618 supra
421 1563 540 1603 basin
571 1562 691 1604 rostri
727 1579 1036 1619 compressum,
1079 1565 1399 1620 cartilagineum
1419 1595 1431 1613 ,
1474 1579 1568 1604 cum
1609 1574 1699 1604 toto
1729 1577 1794 1602 ro-

107 1651 190 1680 stro
222 1639 490 1688 coccineum,
521 1655 641 1695 supra
670 1639 851 1680 divisum
885 1645 1008 1680 crista
1036 1641 1254 1695 plumacea
1295 1639 1434 1694 nigra,
1480 1655 1501 1679 a
1531 1640 1666 1680 fronte
1701 1652 1796 1694 pro-

110 1726 314 1756 currente.
373 1716 563 1756 Fasciola
593 1714 710 1769 nigra
737 1715 856 1755 basin
887 1715 1085 1756 maxillae
1117 1714 1340 1771 superioris
1373 1714 1522 1769 cingit.
1568 1716 1695 1755 Frons
1725 1729 1793 1754 ca-

107 1807 160 1832 na
191 1791 377 1847 itemque
406 1802 554 1830 vertex
583 1790 958 1838 fusco-lituratus3
999 1807 1129 1846 genae
1171 1792 1244 1831 sub
1288 1790 1424 1832 oculis
1460 1790 1545 1829 late
1583 1788 1796 1842 aerugino-

109 1881 202 1915 sae;
235 1879 275 1907 at
299 1871 402 1921 gula
433 1868 574 1906 subtus
604 1866 966 1921 longitudinaliter
996 1867 1165 1914 albida,
1184 1869 1365 1920 fasciola
1394 1864 1575 1913 hieru-ri,
1608 1863 1796 1918 linguam

112 1942 198 1982 avis
228 1943 358 1982 Forma
388 1944 618 1991 referente,
650 1954 746 1983 atra.
791 1944 953 1984 Collum
982 1945 1123 1984 subtus
1148 1946 1419 2000 jugulumque
1446 1943 1685 1987 flavescunt,
1715 1955 1795 1979 cer-

110 2023 182 2059 vix
213 2019 327 2058 fusco
358 2019 534 2072 alboque
565 2019 692 2060 varia.
763 2019 946 2074 Reliqua
976 2024 1118 2074 nigra,
1161 2030 1326 2075 praeter
1355 2018 1560 2059 maculam
1599 2015 1795 2070 utrinque

112 2093 157 2134 in
188 2093 417 2149 uropygio,
451 2109 586 2135 aream
616 2094 902 2143 humeralem,
948 2094 1141 2135 humeros
1171 2096 1340 2144 subtus,
1390 2105 1430 2134 et
1462 2093 1610 2150 pinnas
1637 2092 1794 2132 subala-

112 2183 175 2209 res
206 2169 335 2209 albas.
398 2171 503 2210 Alae
532 2186 606 2226 pro
637 2171 746 2211 mole
777 2169 959 2225 corporis
989 2170 1270 2210 minusculae:
1309 2175 1478 2224 remiges
1509 2177 1548 2211 5.
1578 2168 1798 2210 interiores

115 2245 306 2284 deorsum
342 2246 527 2286 falcatae.
586 2247 733 2286 Cauda
768 2256 908 2293 acuta3
938 2250 1122 2286 rectrices
1159 2254 1216 2296 14.
1249 2257 1407 2294 acutae,
1439 2244 1558 2301 apice
1575 2258 1793 2285 canescen—

115 2331 189 2360 tes.
247 2321 371 2362 Pedes
401 2320 532 2370 lutei,
564 2320 814 2362 membranis
842 2321 990 2369 fuscis3
1035 2327 1213 2376 posticas
1262 2321 1416 2376 digitus
1446 2322 1684 2361 membrana
1716 2319 1795 2359 ala-

114 2405 206 2447 tus,
238 2407 281 2436 ut
312 2396 355 2437 in
385 2397 587 2453 Fuligula.
659 2399 852 2439 Mensura
883 2397 968 2438 avis
998 2396 1166 2439 circiter
1201 2399 1240 2438 ι’.
1275 2398 1329 2450 9''.
1364 2415 1398 2437 0.
1473 2397 1603 2438 Ulnae
1634 2395 1791 2437 alarum
