2175 2931
374 209 456 252 118
1126 219 1276 246 ===

368 323 458 360 Hae
488 317 640 374 pinnae
673 319 802 360 etiam
829 317 975 360 Turcis
1005 328 1045 359 et
1075 318 1208 360 Persis
1245 334 1320 375 pro
1356 317 1505 375 capitis
1545 331 1789 361 ornamento
1832 322 2050 364 aestiman-

368 407 434 435 tur
463 407 505 436 et
535 412 556 436 a
585 396 825 451 proceribus
856 406 1017 436 tantum
1046 406 1271 449 gestantur.
1331 395 1510 437 Bochari
1540 395 1651 436 haud
1681 396 1739 436 ita
1769 397 1958 452 pridem,
1995 398 2050 438 al-

370 472 472 513 lecti
502 471 638 528 pretio
657 504 666 522 ,
697 473 808 527 quod
838 471 1114 512 foeminarum
1145 473 1254 529 apud
1297 487 1371 513 nos
1415 472 1622 513 nobilium
1663 472 1783 512 luxus
1813 471 1880 513 his
1909 473 2050 529 pinnis

367 547 544 598 afflixit,
578 563 717 588 earum
749 547 993 597 fasciculos,
1025 558 1222 604 tanquam
1252 563 1459 600 mercem,
1490 549 1636 590 afferre
1666 559 1918 604 coeperunt,
1949 548 2052 588 rnul-

365 635 409 665 to
442 624 644 665 cariorem
676 635 717 664 et
747 622 999 664 nobiliorem
1027 624 1175 680 pennis
1206 626 1369 666 Ardeae
1407 625 1540 666 albae.

501 701 671 741 Descr.
700 700 982 754 Magnitudine
1012 714 1109 755 prae
1140 700 1313 741 caeteris
1343 707 1461 743 rostri
1489 712 1530 741 et
1560 705 1723 756 linguae
1753 699 1959 756 parvitate
1984 698 2053 740 Ci-

364 776 498 818 coniis
528 775 734 832 proxima.
792 777 982 816 Rostrum
1012 776 1193 826 fuscum,
1226 776 1412 832 margine
1442 789 1485 818 et
1513 777 1685 818 maxilla
1698 775 1898 816 inferiore
1926 773 2052 813 vires-

362 852 580 902 centibus3
636 851 883 908 quibusdam
937 862 1113 892 rostrum
1154 863 1287 893 totum
1317 868 1507 903 cereum,
1554 854 1667 908 quod
1712 850 1839 891 aestati
1868 849 2052 890 tribuen-

364 930 477 969 dum.
535 931 696 983 Lingua
723 926 892 967 linearis
910 959 920 977 ,
950 938 1082 968 rostro
1110 929 1242 968 multo
1271 929 1450 970 brevior.
1521 931 1628 970 Lora
1668 928 1752 968 late
1782 927 1915 974 nuda,
1955 939 2052 966 cum

362 1004 577 1060 palpebris
607 1002 897 1052 flavo-virent,
929 1002 1137 1058 triangulo
1167 1005 1282 1044 fusco
1312 1016 1405 1045 ante
1436 1004 1590 1046 oculos.
1630 1004 1758 1045 Irides
1787 999 2050 1042 ssavissimae.

365 1080 492 1121 Frons
522 1080 640 1126 alba,
670 1081 818 1134 pennis
848 1078 1002 1118 mediis
1032 1079 1249 1133 elongatis,
1319 1082 1467 1120 Vertex
1497 1079 1641 1133 niger,
1685 1093 1826 1118 versus
1868 1074 2052 1116 nucham

364 1155 518 1210 plumis
548 1154 726 1210 prolixis
758 1152 1050 1203 subcristatus,
1095 1153 1207 1194 inter
1238 1171 1338 1210 quas
1368 1156 1605 1212 dependent
1636 1159 1782 1211 pinnae
1809 1154 1893 1194 duo
1921 1150 2052 1192 linea*

362 1245 427 1271 res
447 1261 457 1279 ,
490 1229 699 1286 pretiosae
729 1227 906 1285 pollices
936 1229 1084 1283 longae
1104 1262 1112 1278 ,
1146 1242 1315 1281 acutae,
1348 1230 1570 1272 latitudine
1601 1229 1673 1270 lin.
1743 1230 1901 1283 Corpus
1931 1242 2050 1283 supra

364 1306 678 1354 coerulescens,
709 1305 850 1344 subtus
883 1305 1036 1344 album.
1096 1307 1259 1345 Collum
1289 1307 1453 1353 subtus,
1492 1316 1537 1346 et
1564 1302 1805 1359 praesertim
1831 1303 1929 1358 juba
1962 1317 2049 1342 ver-

363 1395 428 1421 sus
467 1391 639 1435 pectus,
684 1378 803 1433 nigro
848 1390 1022 1434 guttata.
1110 1381 1257 1421 Fascia
1299 1381 1493 1436 utrinque
1536 1380 1707 1434 obliqua
1737 1377 1917 1433 pectoris
1949 1389 2049 1418 atra.

363 1457 553 1510 Remiges
583 1454 805 1510 primariae
837 1469 930 1494 curn
963 1455 1204 1495 tectricibus
1233 1457 1401 1511 nigrae3
1431 1457 1692 1497 secundariae
1722 1465 1761 1495 et
1792 1455 1925 1495 cauda
1957 1455 2047 1494 dor·

366 1531 401 1572 si
431 1532 586 1571 colore.
657 1530 785 1570 Pedes
815 1528 1024 1585 digitique
1054 1530 1288 1585 longissimi
1318 1531 1818 1572 olivaceo-virescenteS.
1886 1531 2049 1572 Pondus

362 1606 531 1649 circiter
561 1614 597 1649 5.
627 1606 839 1647 librarum.
898 1607 1135 1646 Intestinum
1164 1608 1439 1663 octopedale;
1478 1608 1654 1648 Coecum
1683 1620 1840 1661 azygon
1870 1604 2050 1662 tripolli·

364 1697 472 1724 care.
540 1683 754 1724 Vertebrae
795 1681 897 1722 colli
945 1681 1185 1730 sexdecim,
1229 1697 1402 1736 quarum
1431 1692 1456 1734 4
1485 1697 1668 1723 summae
1712 1683 1904 1722 deorsum
1934 1682 2048 1724 velut

364 1758 581 1814 ginglymo
623 1758 825 1807 mobiles,
871 1769 1088 1813 sequentes
1133 1765 1279 1800 5—10.
1323 1760 1515 1800 deorsum
1560 1760 1685 1814 plane
1728 1773 1810 1798 non
1852 1755 2047 1798 inclinari

362 1845 554 1889 possunt,
585 1835 695 1875 unde
727 1834 883 1874 collum
913 1848 1076 1889 semper
1104 1833 1149 1874 in
1178 1836 1376 1876 flexuram
1407 1833 1682 1889 sigmoideam
1705 1832 1880 1886 cogitur*

498 1909 609 1950 Not.
659 1911 913 1951 Gmelinus
953 1924 1034 1949 sen.
1076 1908 1121 1949 in
1161 1909 1517 1950 Adnotationibus
1560 1907 1740 1948 sibiricis
1786 1909 1874 1947 MS.
1905 1921 2047 1948 recen·

362 1984 471 2025 suit:
511 1986 693 2025 Ardeam
720 1990 919 2025 cinereum
949 1987 1142 2040 majorem
1171 1995 1300 2026 rostro
1330 1985 1476 2032 rubro,
1518 1984 1784 2033 dauuricam,
1824 1986 1937 2036 cujus
1978 1985 2046 2024 de-

364 2060 564 2116 scriptio,
607 2070 772 2116 praeter
798 2071 979 2100 rostrum
1023 2060 1216 2109 rubrum,
1274 2061 1380 2101 ssavo
1425 2059 1566 2115 apice,
1626 2058 1834 2114 tibiasque
1873 2060 2043 2108 rubras,

364 2151 503 2176 versus
533 2135 688 2190 digitos
731 2136 1030 2184 fuscescentes‚
1074 2151 1096 2175 a
1126 2135 1286 2190 vulgari
1329 2134 1442 2176 haud
1484 2135 1639 2176 differt.
1721 2136 1859 2176 Ardea
1888 2139 2044 2176 cinerea

365 2215 494 2252 altera
523 2213 747 2252 Brisson.
779 2213 882 2263 (orn.
913 2212 962 2250 V.
994 2227 1032 2267 p.
1064 2218 1156 2262 392.
1185 2212 1269 2252 tab.
1304 2215 1389 2266 34.)
1420 2214 1528 2268 apud
1557 2214 1836 2252 Linnaeum
1878 2225 2043 2266 quoque

365 2287 503 2341 specie
532 2287 755 2338 distincta,
784 2287 949 2327 videtur
977 2286 1044 2326 vel
1074 2301 1194 2327 sexus
1223 2287 1291 2327 vel
1322 2287 1468 2328 aetatis
1499 2286 1737 2328 differentia
1766 2301 1866 2327 esse.
1931 2285 2045 2326 Mihi

368 2360 447 2401 alia
477 2365 528 2402 A.
560 2368 717 2404 cinerea
746 2378 829 2405 non
858 2374 921 2404 est
949 2373 1073 2411 nota,
1110 2378 1233 2419 quam
1265 2377 1369 2419 quae
1399 2379 1520 2420 supra
1550 2362 1782 2419 descripta,
1832 2376 1936 2418 quae
1963 2375 2040 2417 pro

368 2447 501 2476 aetate
540 2438 683 2480 variat.
