2175 2931
361 196 447 225 100
1126 191 1273 218 =—-'·-

836 315 952 361 237.
1044 308 1084 351 O
1105 307 1149 350 T
1170 306 1235 350 IS
1334 306 1552 350 Tetrax.

497 449 549 490 Ο.
581 449 892 504 gryseo-alba‚
925 447 1047 486 dorso
1077 443 1469 500 gryseo-nigroque
1499 441 1726 490 undulato,
1765 439 1875 482 collo
1913 443 2039 485 maris

360 535 476 574 etro,
505 523 713 575 imberbi,
746 525 840 565 albo
871 521 1117 577 marginato.

575 603 689 642 Anas
719 598 962 656 campestris
991 610 1034 638 et
1063 597 1193 638 Stella
1222 597 1308 638 avis
1337 599 1596 646 Auctorum,
1634 594 1852 650 Willughb.
1883 580 1967 636 orri.
1998 612 2039 651 p.

639 695 725 728 ¹29·
755 676 839 717 tab.
873 683 937 718 32.
967 676 1057 732 Raj.
1088 690 1152 715 av.
1184 691 1223 729 p.
1256 681 1320 725 59.
1352 689 1387 713 n.
1420 689 1454 713 2.
1486 672 1627 714 Albin.
1658 687 1722 712 αυ.
1751 672 1827 712 III.
1859 671 1943 713 tab.
1972 680 2039 723 41.

632 751 815 793 foemina
845 751 1040 793 Edward.
1072 766 1138 791 av.
1169 750 1250 790 tab.
1284 756 1375 791 251.
1416 747 1612 789 foemina.

573 828 668 871 Otis
698 827 859 878 minor,
904 829 1082 868 Brisson.
1123 841 1206 866 orn.
1250 826 1300 866 V.
1342 840 1382 881 p.
1414 832 1479 875 24.
1522 840 1585 880 sp.
1630 841 1667 864 2.
1710 824 1792 865 tab.
1826 840 1862 864 2.
1882 825 1967 880 fig.
2006 841 2038 865 1.

628 920 741 951 mas,
761 905 847 958 fig.
879 920 915 944 2.
946 902 1144 943 foemina.

573 980 670 1022 Otis
698 983 881 1029 Tetrax‚
912 982 1000 1020 Lin.
1030 989 1135 1033 syst.
1165 979 1260 1018 XII.
1291 979 1324 1017 I.
1372 993 1411 1033 p.
1445 982 1536 1027 264.
1578 991 1639 1032 sp.
1670 982 1706 1016 3.
1748 975 1912 1028 Buffon.
1955 991 2043 1018 orn.

632 1058 689 1095 II.
721 1072 759 1111 p.
792 1063 857 1105 45.
889 1056 1106 1096 D'aubent.
1137 1058 1233 1110 pict.
1265 1054 1349 1094 tab.
1386 1069 1445 1092 10.
1477 1051 1688 1100 foemina,
1722 1058 1786 1091 25.
1816 1066 1916 1091 mas.

465 1130 608 1172 Rossis
639 1129 950 1171 australioribus
979 1132 1164 1185 Stre'pem
1195 1129 1246 1168 ad
1275 1132 1435 1168 Jalcum
1465 1128 1630 1181 Stepnoi
1676 1127 1842 1179 Teteref
1873 1126 2042 1179 (Tetrix

520 1205 784 1262 campestris)
827 1217 870 1246 et
903 1206 1192 1247 Tressutschka
1230 1203 1470 1260 (trepida).
1513 1202 1756 1245 Malorossis
1793 1203 2042 1244 Chochotwa

520 1282 809 1336 (ridibunda),
837 1283 1029 1337 Stepnaja
1058 1283 1226 1321 Kuriza.

471 1356 708 1398 Calmuccis
739 1359 823 1397 Bill
852 1357 920 1396 vel
948 1357 1310 1396 Machor-Jaman
1341 1357 1486 1407 (coeca
1517 1356 1663 1409 male).

462 1432 640 1488 Kirgisis
660 1433 863 1490 Ίᾙὶῑεῖῑύες
893 1430 1054 1471 Tataris
1085 1430 1404 1473 Casaniensibus
1432 1432 1633 1486 Bisgelek.
1690 1433 1856 1473 Tauro·
1876 1430 2039 1473 Tataris

519 1509 750 1563 Bisgelaek.

490 1586 540 1624 In
569 1583 742 1624 Rossiae
772 1583 1002 1640 provinciis
1031 1582 1376 1624 meridionalibus
1405 1582 1734 1639 compestribus‚
1762 1598 1919 1640 perque
1948 1581 2039 1624 uni-

353 1672 518 1701 versum
548 1661 758 1700 desertum
787 1659 1008 1701 tataricum
1037 1659 1207 1716 copiosa
1237 1660 1341 1710 avis,
1375 1658 1596 1715 quotannis
1635 1658 1793 1700 tardius
1821 1660 1937 1701 otide
1967 1661 2034 1701 ad-

352 1747 527 1776 ventans
560 1747 602 1776 et
629 1735 878 1795 tempestive
909 1735 1141 1776 discedens.
1209 1735 1350 1791 Aprili
1392 1746 1435 1775 et
1481 1746 1678 1775 autumno
1724 1750 1799 1791 per
1832 1735 2038 1776 tauricam

355 1810 663 1853 Chersonesum
693 1823 735 1852 et
765 1813 815 1852 ud
848 1812 1077 1853 Caucasum
1106 1811 1275 1867 copiose
1304 1811 1510 1865 migrans,
1553 1825 1628 1865 per
1654 1810 1771 1865 paria
1801 1822 1870 1850 aut
1899 1810 2038 1866 parvis

351 1885 511 1929 turmis.
569 1890 628 1928 At
657 1887 702 1927 in
732 1886 886 1929 Sibiria
915 1902 1078 1943 prorsus
1109 1887 1239 1927 deest.
1309 1889 1420 1926 Loca
1463 1899 1593 1940 aeque
1630 1885 1818 1926 solitaria
1855 1897 1964 1926 amat
1994 1897 2038 1927 et

353 1961 519 2019 aprica,
549 1977 626 2004 nec
656 1963 792 2003 minus
822 1962 1008 2003 difficilis
1038 1974 1100 2002 est
1129 1973 1306 2011 venatu,
1338 1976 1384 2001 ac
1413 1962 1550 2001 Tarda
1570 1992 1580 2011 ,
1613 1964 1726 2014 cujus
1756 1961 1959 2012 formam,
1990 1974 2038 2003 ut

352 2052 608 2097 congeneres
637 2053 807 2088 omnes,
837 2038 976 2078 refert.
1035 2038 1193 2079 Crebro
1223 2036 1334 2077 circa
1364 2036 1451 2077 vias
1486 2036 1688 2092 pabulum
1727 2036 1867 2090 legere
1897 2038 2031 2078 obser-

351 2124 495 2162 vatur-3
526 2113 632 2153 forte
663 2114 775 2168 quod
804 2112 867 2153 ibi
896 2113 1134 2168 coleoptera
1165 2112 1295 2168 magis
1326 2114 1535 2153 abundare
1566 2112 1714 2152 solent.
1783 2114 1922 2167 Equos
1964 2129 2034 2169 pa-

351 2203 441 2229 rum
468 2187 617 2239 timet,
648 2189 868 2229 terrefacta
899 2199 1038 2229 autem
1066 2203 1283 2244 creperum
1314 2204 1459 2229 sonum
1490 2188 1596 2238 edit,
1629 2189 1739 2228 unde
1770 2202 1922 2228 nomen
1953 2203 2033 2229 ros-

354 2262 482 2304 sicum
513 2275 554 2304 et
582 2263 907 2306 malorossicum.
978 2265 1113 2306 Nidus
1154 2264 1198 2305 in
1238 2264 1392 2304 mediis
1421 2263 1602 2319 camp²283
1641 2280 1761 2304 ovum
1798 2263 2033 2319 gallinaceo

353 2336 515 2388 minus,
545 2340 749 2381 sordidius
787 2340 947 2392 viride,
988 2339 1124 2380 lituris
1165 2339 1483 2380 obsoletissimis
1528 2339 1841 2382 latescentibus.
1913 2339 2030 2381 Vivi-

354 2410 446 2454 dior
476 2425 519 2455 et
545 2415 780 2459 mordacior
807 2417 946 2461 Tarda
975 2427 1017 2461 et
1046 2414 1297 2460 cautissima.
1353 2414 1532 2471 Laqueis
1562 2414 1752 2471 capitur:
