<?xml version="1.0" encoding="UTF-8"?>
<!DOCTYPE html PUBLIC "-//W3C//DTD XHTML 1.0 Transitional//EN"
    "http://www.w3.org/TR/xhtml1/DTD/xhtml1-transitional.dtd">
<html xmlns="http://www.w3.org/1999/xhtml" xml:lang="en" lang="en">
 <head>
  <title>
</title>
<meta http-equiv="Content-Type" content="text/html;charset=utf-8" />
  <meta name='ocr-system' content='tesseract 3.04.00' />
  <meta name='ocr-capabilities' content='ocr_page ocr_carea ocr_par ocr_line ocrx_word'/>
</head>
<body>
  <div class='ocr_page' id='page_1' title='image "./zoographiarossoa22pall_0155.png"; bbox 0 0 2175 2931; ppageno 0'>
   <div class='ocr_carea' id='block_1_1' title="bbox 860 238 1000 248">
    <p class='ocr_par' dir='ltr' id='par_1_1' title="bbox 860 238 1000 248">
     <span class='ocr_line' id='line_1_1' title="bbox 860 238 1000 248; baseline 0 2683"><span class='ocrx_word' id='word_1_1' title='bbox 860 238 1000 248; x_wconf 95' lang='lat' dir='ltr'> </span> 
     </span>
    </p>
   </div>
   <div class='ocr_carea' id='block_1_2' title="bbox 1686 223 1768 263">
    <p class='ocr_par' dir='ltr' id='par_1_2' title="bbox 1686 223 1768 263">
     <span class='ocr_line' id='line_1_2' title="bbox 1686 223 1768 263; baseline 0.012 -1"><span class='ocrx_word' id='word_1_2' title='bbox 1686 223 1768 263; x_wconf 83' lang='lat'>139</span> 
     </span>
    </p>
   </div>
   <div class='ocr_carea' id='block_1_3' title="bbox 97 319 1771 378">
    <p class='ocr_par' dir='ltr' id='par_1_3' title="bbox 97 319 1771 378">
     <span class='ocr_line' id='line_1_3' title="bbox 97 319 1771 378; baseline 0 -14"><span class='ocrx_word' id='word_1_3' title='bbox 97 321 218 365; x_wconf 81' lang='lat' dir='ltr'>simul</span> <span class='ocrx_word' id='word_1_4' title='bbox 249 331 398 376; x_wconf 79' lang='lat' dir='ltr'>agunt,</span> <span class='ocrx_word' id='word_1_5' title='bbox 427 334 551 376; x_wconf 84' lang='lat' dir='ltr'>seque</span> <span class='ocrx_word' id='word_1_6' title='bbox 585 319 768 362; x_wconf 71' lang='lat' dir='ltr'>invicem</span> <span class='ocrx_word' id='word_1_7' title='bbox 798 322 1034 378; x_wconf 79' lang='lat' dir='ltr'>appellant,</span> <span class='ocrx_word' id='word_1_8' title='bbox 1081 336 1159 364; x_wconf 85' lang='lat' dir='ltr'>nec</span> <span class='ocrx_word' id='word_1_9' title='bbox 1200 323 1325 378; x_wconf 79' lang='lat' dir='ltr'>longe</span> <span class='ocrx_word' id='word_1_10' title='bbox 1370 324 1419 364; x_wconf 79' lang='lat' dir='ltr'>ab</span> <span class='ocrx_word' id='word_1_11' title='bbox 1449 321 1631 364; x_wconf 70' lang='lat' dir='ltr'>invicem</span> <span class='ocrx_word' id='word_1_12' title='bbox 1662 337 1771 364; x_wconf 82' lang='lat' dir='ltr'>rece-</span> 
     </span>
    </p>
   </div>
   <div class='ocr_carea' id='block_1_4' title="bbox 96 395 1772 455">
    <p class='ocr_par' dir='ltr' id='par_1_4' title="bbox 96 395 1772 455">
     <span class='ocr_line' id='line_1_4' title="bbox 96 395 1772 455; baseline -0.002 -15"><span class='ocrx_word' id='word_1_13' title='bbox 96 402 223 447; x_wconf 85' lang='lat' dir='ltr'>dunt;</span> <span class='ocrx_word' id='word_1_14' title='bbox 256 409 451 438; x_wconf 84' lang='lat' dir='ltr'>autumno</span> <span class='ocrx_word' id='word_1_15' title='bbox 481 395 704 437; x_wconf 78' lang='lat' dir='ltr'>comitatur</span> <span class='ocrx_word' id='word_1_16' title='bbox 733 398 885 453; x_wconf 86' lang='lat' dir='ltr'>proles.</span> <span class='ocrx_word' id='word_1_17' title='bbox 944 402 992 439; x_wconf 91' lang='lat' dir='ltr'>In</span> <span class='ocrx_word' id='word_1_18' title='bbox 1023 398 1267 440; x_wconf 80' lang='lat' dir='ltr'>australibus</span> <span class='ocrx_word' id='word_1_19' title='bbox 1299 414 1389 439; x_wconf 83' lang='lat' dir='ltr'>raro</span> <span class='ocrx_word' id='word_1_20' title='bbox 1419 410 1619 455; x_wconf 74' lang='lat' dir='ltr'>apparent</span> <span class='ocrx_word' id='word_1_21' title='bbox 1648 410 1772 439; x_wconf 65' lang='lat' dir='ltr'>trans-</span> 
     </span>
    </p>
   </div>
   <div class='ocr_carea' id='block_1_5' title="bbox 96 475 229 516">
    <p class='ocr_par' dir='ltr' id='par_1_5' title="bbox 96 475 229 516">
     <span class='ocr_line' id='line_1_5' title="bbox 96 475 229 516; baseline -0.015 -1"><span class='ocrx_word' id='word_1_22' title='bbox 96 475 229 516; x_wconf 84' lang='lat' dir='ltr'>volae.</span> 
     </span>
    </p>
   </div>
   <div class='ocr_carea' id='block_1_6' title="bbox 99 548 1780 755">
    <p class='ocr_par' dir='ltr' id='par_1_6' title="bbox 99 548 1780 755">
     <span class='ocr_line' id='line_1_6' title="bbox 234 548 1777 607; baseline 0 -16"><span class='ocrx_word' id='word_1_23' title='bbox 234 552 404 591; x_wconf 81' lang='lat' dir='ltr'>Descr.</span> <span class='ocrx_word' id='word_1_24' title='bbox 437 548 683 603; x_wconf 77' lang='lat' dir='ltr'>Magnitudo</span> <span class='ocrx_word' id='word_1_25' title='bbox 712 548 878 589; x_wconf 78' lang='lat' dir='ltr'>Vanelli</span> <span class='ocrx_word' id='word_1_26' title='bbox 898 580 907 598; x_wconf 90' lang='lat'>‚</span> <span class='ocrx_word' id='word_1_27' title='bbox 940 564 1009 590; x_wconf 82' lang='lat' dir='ltr'>seu</span> <span class='ocrx_word' id='word_1_28' title='bbox 1039 551 1164 606; x_wconf 86' lang='lat' dir='ltr'>paulo</span> <span class='ocrx_word' id='word_1_29' title='bbox 1195 567 1313 607; x_wconf 80' lang='lat' dir='ltr'>supra</span> <span class='ocrx_word' id='word_1_30' title='bbox 1346 552 1648 605; x_wconf 76' lang='lat' dir='ltr'>Squatarolam.</span> <span class='ocrx_word' id='word_1_31' title='bbox 1697 553 1777 591; x_wconf 83' lang='lat' dir='ltr'>Ro-</span> 
     </span>
     <span class='ocr_line' id='line_1_7' title="bbox 99 623 1779 680; baseline -0.001 -11"><span class='ocrx_word' id='word_1_32' title='bbox 99 641 227 669; x_wconf 82' lang='lat' dir='ltr'>strum</span> <span class='ocrx_word' id='word_1_33' title='bbox 258 625 436 680; x_wconf 81' lang='lat' dir='ltr'>nigrum.</span> <span class='ocrx_word' id='word_1_34' title='bbox 495 626 654 680; x_wconf 75' lang='lat' dir='ltr'>Caput,</span> <span class='ocrx_word' id='word_1_35' title='bbox 685 623 828 664; x_wconf 75' lang='lat' dir='ltr'>cervix</span> <span class='ocrx_word' id='word_1_36' title='bbox 860 625 976 674; x_wconf 74' lang='lat' dir='ltr'>alba,</span> <span class='ocrx_word' id='word_1_37' title='bbox 1015 626 1149 666; x_wconf 87' lang='lat' dir='ltr'>lituris</span> <span class='ocrx_word' id='word_1_38' title='bbox 1180 627 1303 667; x_wconf 79' lang='lat' dir='ltr'>fuscis</span> <span class='ocrx_word' id='word_1_39' title='bbox 1340 627 1563 677; x_wconf 81' lang='lat' dir='ltr'>nebulosa,</span> <span class='ocrx_word' id='word_1_40' title='bbox 1608 628 1680 667; x_wconf 85' lang='lat' dir='ltr'>sed</span> <span class='ocrx_word' id='word_1_41' title='bbox 1722 627 1779 666; x_wconf 76' lang='lat' dir='ltr'>la-</span> 
     </span>
     <span class='ocr_line' id='line_1_8' title="bbox 99 699 1780 755; baseline -0.002 -10"><span class='ocrx_word' id='word_1_42' title='bbox 99 718 188 745; x_wconf 82' lang='lat' dir='ltr'>tera</span> <span class='ocrx_word' id='word_1_43' title='bbox 221 702 322 744; x_wconf 88' lang='lat' dir='ltr'>colli</span> <span class='ocrx_word' id='word_1_44' title='bbox 351 713 392 741; x_wconf 89' lang='lat' dir='ltr'>et</span> <span class='ocrx_word' id='word_1_45' title='bbox 424 700 580 755; x_wconf 76' lang='lat' dir='ltr'>juguli,</span> <span class='ocrx_word' id='word_1_46' title='bbox 612 701 697 739; x_wconf 81' lang='lat' dir='ltr'>fere</span> <span class='ocrx_word' id='word_1_47' title='bbox 728 699 1019 749; x_wconf 83' lang='lat' dir='ltr'>immaculata,</span> <span class='ocrx_word' id='word_1_48' title='bbox 1050 702 1231 741; x_wconf 85' lang='lat' dir='ltr'>referunt</span> <span class='ocrx_word' id='word_1_49' title='bbox 1262 702 1430 742; x_wconf 81' lang='lat' dir='ltr'>fasciam</span> <span class='ocrx_word' id='word_1_50' title='bbox 1461 703 1621 750; x_wconf 85' lang='lat' dir='ltr'>albam,</span> <span class='ocrx_word' id='word_1_51' title='bbox 1668 719 1689 742; x_wconf 84' lang='lat' dir='ltr'>a</span> <span class='ocrx_word' id='word_1_52' title='bbox 1719 717 1780 742; x_wconf 78' lang='lat' dir='ltr'>ro-</span> 
     </span>
    </p>
   </div>
   <div class='ocr_carea' id='block_1_7' title="bbox 101 775 1781 832">
    <p class='ocr_par' dir='ltr' id='par_1_7' title="bbox 101 775 1781 832">
     <span class='ocr_line' id='line_1_9' title="bbox 101 775 1781 832; baseline -0.003 -11"><span class='ocrx_word' id='word_1_53' title='bbox 101 791 184 821; x_wconf 82' lang='lat' dir='ltr'>stro</span> <span class='ocrx_word' id='word_1_54' title='bbox 215 779 265 819; x_wconf 87' lang='lat' dir='ltr'>ad</span> <span class='ocrx_word' id='word_1_55' title='bbox 297 778 379 817; x_wconf 82' lang='lat' dir='ltr'>alas</span> <span class='ocrx_word' id='word_1_56' title='bbox 419 777 579 817; x_wconf 90' lang='lat' dir='ltr'>colores</span> <span class='ocrx_word' id='word_1_57' title='bbox 623 775 906 815; x_wconf 65' lang='lat' dir='ltr'>discordantes</span> <span class='ocrx_word' id='word_1_58' title='bbox 949 775 1354 832; x_wconf 69' lang='lat' dir='ltr'>interstinguentem.</span> <span class='ocrx_word' id='word_1_59' title='bbox 1439 780 1600 819; x_wconf 79' lang='lat' dir='ltr'>Collum</span> <span class='ocrx_word' id='word_1_60' title='bbox 1642 779 1781 818; x_wconf 80' lang='lat' dir='ltr'>subtus</span> 
     </span>
    </p>
   </div>
   <div class='ocr_carea' id='block_1_8' title="bbox 104 850 1785 986">
    <p class='ocr_par' dir='ltr' id='par_1_8' title="bbox 104 850 1785 986">
     <span class='ocr_line' id='line_1_10' title="bbox 105 850 1784 907; baseline -0.002 -11"><span class='ocrx_word' id='word_1_61' title='bbox 105 867 258 903; x_wconf 83' lang='lat' dir='ltr'>atrum,</span> <span class='ocrx_word' id='word_1_62' title='bbox 290 852 509 907; x_wconf 80' lang='lat' dir='ltr'>nigredine</span> <span class='ocrx_word' id='word_1_63' title='bbox 540 852 591 891; x_wconf 80' lang='lat' dir='ltr'>ad</span> <span class='ocrx_word' id='word_1_64' title='bbox 622 850 752 891; x_wconf 84' lang='lat' dir='ltr'>latera</span> <span class='ocrx_word' id='word_1_65' title='bbox 783 850 932 907; x_wconf 83' lang='lat' dir='ltr'>capitis</span> <span class='ocrx_word' id='word_1_66' title='bbox 961 866 1090 907; x_wconf 84' lang='lat' dir='ltr'>usque</span> <span class='ocrx_word' id='word_1_67' title='bbox 1120 853 1172 892; x_wconf 86' lang='lat' dir='ltr'>ad</span> <span class='ocrx_word' id='word_1_68' title='bbox 1202 867 1316 892; x_wconf 84' lang='lat' dir='ltr'>aures</span> <span class='ocrx_word' id='word_1_69' title='bbox 1346 853 1539 901; x_wconf 75' lang='lat' dir='ltr'>dilatata,</span> <span class='ocrx_word' id='word_1_70' title='bbox 1568 853 1611 893; x_wconf 83' lang='lat' dir='ltr'>in</span> <span class='ocrx_word' id='word_1_71' title='bbox 1644 853 1784 907; x_wconf 71' lang='lat' dir='ltr'>jugulo</span> 
     </span>
     <span class='ocr_line' id='line_1_11' title="bbox 104 925 1785 986; baseline -0.002 -16"><span class='ocrx_word' id='word_1_72' title='bbox 104 930 319 986; x_wconf 81' lang='lat' dir='ltr'>paululum</span> <span class='ocrx_word' id='word_1_73' title='bbox 349 938 576 977; x_wconf 83' lang='lat' dir='ltr'>coarctata,</span> <span class='ocrx_word' id='word_1_74' title='bbox 622 925 778 966; x_wconf 87' lang='lat' dir='ltr'>dehinc</span> <span class='ocrx_word' id='word_1_75' title='bbox 807 937 952 982; x_wconf 87' lang='lat' dir='ltr'>pectus</span> <span class='ocrx_word' id='word_1_76' title='bbox 981 938 1117 968; x_wconf 87' lang='lat' dir='ltr'>totum</span> <span class='ocrx_word' id='word_1_77' title='bbox 1146 939 1188 968; x_wconf 90' lang='lat' dir='ltr'>et</span> <span class='ocrx_word' id='word_1_78' title='bbox 1220 930 1347 969; x_wconf 77' lang='lat' dir='ltr'>latera</span> <span class='ocrx_word' id='word_1_79' title='bbox 1377 930 1449 968; x_wconf 83' lang='lat' dir='ltr'>sub</span> <span class='ocrx_word' id='word_1_80' title='bbox 1481 929 1555 969; x_wconf 83' lang='lat' dir='ltr'>alis</span> <span class='ocrx_word' id='word_1_81' title='bbox 1585 943 1785 983; x_wconf 84' lang='lat' dir='ltr'>occupan-</span> 
     </span>
    </p>
   </div>
   <div class='ocr_carea' id='block_1_9' title="bbox 107 1001 1790 1058">
    <p class='ocr_par' dir='ltr' id='par_1_9' title="bbox 107 1001 1790 1058">
     <span class='ocr_line' id='line_1_12' title="bbox 107 1001 1790 1058; baseline -0.003 -11"><span class='ocrx_word' id='word_1_82' title='bbox 107 1020 162 1047; x_wconf 91' lang='lat' dir='ltr'>te.</span> <span class='ocrx_word' id='word_1_83' title='bbox 220 1005 457 1050; x_wconf 70' lang='lat' dir='ltr'>Abslomen,</span> <span class='ocrx_word' id='word_1_84' title='bbox 487 1001 807 1058; x_wconf 84' lang='lat' dir='ltr'>hypochondria</span> <span class='ocrx_word' id='word_1_85' title='bbox 825 1034 834 1051; x_wconf 89' lang='lat'>,</span> <span class='ocrx_word' id='word_1_86' title='bbox 867 1002 1037 1044; x_wconf 86' lang='lat' dir='ltr'>crissum</span> <span class='ocrx_word' id='word_1_87' title='bbox 1067 1005 1174 1045; x_wconf 84' lang='lat' dir='ltr'>alba.</span> <span class='ocrx_word' id='word_1_88' title='bbox 1250 1006 1427 1045; x_wconf 79' lang='lat' dir='ltr'><em>Dorsum</em></span> <span class='ocrx_word' id='word_1_89' title='bbox 1457 1016 1499 1044; x_wconf 90' lang='lat' dir='ltr'>et</span> <span class='ocrx_word' id='word_1_90' title='bbox 1528 1005 1684 1044; x_wconf 82' lang='lat' dir='ltr'>alarum</span> <span class='ocrx_word' id='word_1_91' title='bbox 1719 1004 1790 1043; x_wconf 86' lang='lat' dir='ltr'>ba-</span> 
     </span>
    </p>
   </div>
   <div class='ocr_carea' id='block_1_10' title="bbox 106 1077 1796 1506">
    <p class='ocr_par' dir='ltr' id='par_1_10' title="bbox 106 1077 1796 1506">
     <span class='ocr_line' id='line_1_13' title="bbox 109 1077 1789 1137; baseline -0.002 -15"><span class='ocrx_word' id='word_1_92' title='bbox 109 1097 170 1122; x_wconf 77' lang='lat' dir='ltr'>ses</span> <span class='ocrx_word' id='word_1_93' title='bbox 200 1079 353 1137; x_wconf 82' lang='lat' dir='ltr'>plumis</span> <span class='ocrx_word' id='word_1_94' title='bbox 381 1079 471 1119; x_wconf 86' lang='lat' dir='ltr'>basi</span> <span class='ocrx_word' id='word_1_95' title='bbox 500 1077 824 1132; x_wconf 78' lang='lat' dir='ltr'>nigricantibus,</span> <span class='ocrx_word' id='word_1_96' title='bbox 870 1078 987 1133; x_wconf 82' lang='lat' dir='ltr'>apice</span> <span class='ocrx_word' id='word_1_97' title='bbox 1028 1080 1224 1135; x_wconf 81' lang='lat' dir='ltr'>pallidis,</span> <span class='ocrx_word' id='word_1_98' title='bbox 1270 1080 1540 1135; x_wconf 80' lang='lat' dir='ltr'>variegatum.</span> <span class='ocrx_word' id='word_1_99' title='bbox 1628 1080 1789 1134; x_wconf 77' lang='lat' dir='ltr'>Uropy-</span> 
     </span>
     <span class='ocr_line' id='line_1_14' title="bbox 106 1153 1790 1212; baseline -0.003 -15"><span class='ocrx_word' id='word_1_100' title='bbox 106 1162 247 1212; x_wconf 73' lang='lat' dir='ltr'>giam,</span> <span class='ocrx_word' id='word_1_101' title='bbox 278 1170 373 1195; x_wconf 90' lang='lat' dir='ltr'>cum</span> <span class='ocrx_word' id='word_1_102' title='bbox 401 1153 645 1195; x_wconf 82' lang='lat' dir='ltr'>teetricibus</span> <span class='ocrx_word' id='word_1_103' title='bbox 675 1155 830 1193; x_wconf 81' lang='lat' dir='ltr'>caudae</span> <span class='ocrx_word' id='word_1_104' title='bbox 861 1153 1188 1210; x_wconf 81' lang='lat' dir='ltr'>rectricibusque</span> <span class='ocrx_word' id='word_1_105' title='bbox 1221 1157 1366 1204; x_wconf 83' lang='lat' dir='ltr'>albae,</span> <span class='ocrx_word' id='word_1_106' title='bbox 1410 1154 1548 1195; x_wconf 80' lang='lat' dir='ltr'>fasciis</span> <span class='ocrx_word' id='word_1_107' title='bbox 1590 1166 1790 1193; x_wconf 83' lang='lat' dir='ltr'>transver-</span> 
     </span>
     <span class='ocr_line' id='line_1_15' title="bbox 111 1229 1792 1287; baseline -0.003 -14"><span class='ocrx_word' id='word_1_108' title='bbox 111 1233 165 1273; x_wconf 72' lang='lat' dir='ltr'>sis</span> <span class='ocrx_word' id='word_1_109' title='bbox 195 1230 337 1286; x_wconf 81' lang='lat' dir='ltr'>nigris.</span> <span class='ocrx_word' id='word_1_110' title='bbox 406 1233 579 1270; x_wconf 77' lang='lat' dir='ltr'>Alarum</span> <span class='ocrx_word' id='word_1_111' title='bbox 619 1230 793 1269; x_wconf 86' lang='lat' dir='ltr'>caudam</span> <span class='ocrx_word' id='word_1_112' title='bbox 835 1229 1131 1270; x_wconf 74' lang='lat' dir='ltr'>excedentium</span> <span class='ocrx_word' id='word_1_113' title='bbox 1174 1235 1344 1286; x_wconf 74' lang='lat' dir='ltr'>remiges</span> <span class='ocrx_word' id='word_1_114' title='bbox 1387 1230 1591 1287; x_wconf 87' lang='lat' dir='ltr'>primores</span> <span class='ocrx_word' id='word_1_115' title='bbox 1621 1229 1792 1284; x_wconf 78' lang='lat' dir='ltr'>nigrae,</span> 
     </span>
     <span class='ocr_line' id='line_1_16' title="bbox 111 1302 1796 1354; baseline -0.004 -6"><span class='ocrx_word' id='word_1_116' title='bbox 111 1306 284 1348; x_wconf 82' lang='lat' dir='ltr'>interius</span> <span class='ocrx_word' id='word_1_117' title='bbox 314 1305 459 1351; x_wconf 80' lang='lat' dir='ltr'>albae,</span> <span class='ocrx_word' id='word_1_118' title='bbox 495 1319 508 1343; x_wconf 90' lang='lat'>1</span> <span class='ocrx_word' id='word_1_119' title='bbox 543 1306 595 1345; x_wconf 85' lang='lat' dir='ltr'>ad</span> <span class='ocrx_word' id='word_1_120' title='bbox 629 1311 665 1345; x_wconf 84' lang='lat'>5.</span> <span class='ocrx_word' id='word_1_121' title='bbox 696 1302 842 1343; x_wconf 79' lang='lat' dir='ltr'>rhachi</span> <span class='ocrx_word' id='word_1_122' title='bbox 873 1303 917 1342; x_wconf 84' lang='lat' dir='ltr'>in</span> <span class='ocrx_word' id='word_1_123' title='bbox 947 1305 1086 1345; x_wconf 85' lang='lat' dir='ltr'>medio</span> <span class='ocrx_word' id='word_1_124' title='bbox 1118 1306 1235 1354; x_wconf 83' lang='lat' dir='ltr'>alba,</span> <span class='ocrx_word' id='word_1_125' title='bbox 1276 1314 1298 1347; x_wconf 78' lang='lat'>6</span> <span class='ocrx_word' id='word_1_126' title='bbox 1331 1308 1381 1346; x_wconf 86' lang='lat' dir='ltr'>ad</span> <span class='ocrx_word' id='word_1_127' title='bbox 1418 1323 1478 1346; x_wconf 89' lang='lat'>10.</span> <span class='ocrx_word' id='word_1_128' title='bbox 1509 1303 1703 1345; x_wconf 77' lang='lat' dir='ltr'>albedine</span> <span class='ocrx_word' id='word_1_129' title='bbox 1734 1302 1796 1343; x_wconf 84' lang='lat' dir='ltr'>di-</span> 
     </span>
     <span class='ocr_line' id='line_1_17' title="bbox 113 1377 1796 1436; baseline -0.002 -13"><span class='ocrx_word' id='word_1_130' title='bbox 113 1383 262 1431; x_wconf 84' lang='lat' dir='ltr'>latata,</span> <span class='ocrx_word' id='word_1_131' title='bbox 305 1392 435 1421; x_wconf 82' lang='lat' dir='ltr'>totam</span> <span class='ocrx_word' id='word_1_132' title='bbox 479 1381 648 1420; x_wconf 83' lang='lat' dir='ltr'>tandem</span> <span class='ocrx_word' id='word_1_133' title='bbox 680 1377 796 1419; x_wconf 90' lang='lat' dir='ltr'>basin</span> <span class='ocrx_word' id='word_1_134' title='bbox 827 1391 1082 1434; x_wconf 82' lang='lat' dir='ltr'>occupante3</span> <span class='ocrx_word' id='word_1_135' title='bbox 1125 1382 1397 1422; x_wconf 78' lang='lat' dir='ltr'>Secundariae</span> <span class='ocrx_word' id='word_1_136' title='bbox 1438 1381 1663 1436; x_wconf 83' lang='lat' dir='ltr'>pleraeque</span> <span class='ocrx_word' id='word_1_137' title='bbox 1707 1379 1796 1419; x_wconf 85' lang='lat' dir='ltr'>basi</span> 
     </span>
     <span class='ocr_line' id='line_1_18' title="bbox 116 1454 1796 1506; baseline -0.002 -8"><span class='ocrx_word' id='word_1_138' title='bbox 116 1457 306 1506; x_wconf 81' lang='lat' dir='ltr'>albidae,</span> <span class='ocrx_word' id='word_1_139' title='bbox 338 1468 527 1496; x_wconf 80' lang='lat' dir='ltr'>extremo</span> <span class='ocrx_word' id='word_1_140' title='bbox 557 1456 857 1504; x_wconf 84' lang='lat' dir='ltr'>fuscescentes,</span> <span class='ocrx_word' id='word_1_141' title='bbox 902 1454 1103 1506; x_wconf 86' lang='lat' dir='ltr'>intimae,</span> <span class='ocrx_word' id='word_1_142' title='bbox 1148 1468 1193 1497; x_wconf 86' lang='lat' dir='ltr'>ut</span> <span class='ocrx_word' id='word_1_143' title='bbox 1223 1468 1264 1497; x_wconf 89' lang='lat' dir='ltr'>et</span> <span class='ocrx_word' id='word_1_144' title='bbox 1293 1456 1487 1497; x_wconf 81' lang='lat' dir='ltr'>tectrices</span> <span class='ocrx_word' id='word_1_145' title='bbox 1526 1455 1796 1495; x_wconf 84' lang='lat' dir='ltr'>secundariae</span> 
     </span>
    </p>
   </div>
   <div class='ocr_carea' id='block_1_11' title="bbox 117 1531 1798 1587">
    <p class='ocr_par' dir='ltr' id='par_1_11' title="bbox 117 1531 1798 1587">
     <span class='ocr_line' id='line_1_19' title="bbox 117 1531 1798 1587; baseline -0.002 -13"><span class='ocrx_word' id='word_1_146' title='bbox 117 1545 161 1574; x_wconf 85' lang='lat' dir='ltr'>et</span> <span class='ocrx_word' id='word_1_147' title='bbox 190 1533 253 1573; x_wconf 83' lang='lat' dir='ltr'>ala</span> <span class='ocrx_word' id='word_1_148' title='bbox 282 1531 419 1587; x_wconf 83' lang='lat' dir='ltr'>spuria</span> <span class='ocrx_word' id='word_1_149' title='bbox 456 1531 642 1586; x_wconf 81' lang='lat' dir='ltr'>margine</span> <span class='ocrx_word' id='word_1_150' title='bbox 685 1541 860 1585; x_wconf 85' lang='lat' dir='ltr'>utroque</span> <span class='ocrx_word' id='word_1_151' title='bbox 901 1531 995 1572; x_wconf 87' lang='lat' dir='ltr'>albo</span> <span class='ocrx_word' id='word_1_152' title='bbox 1025 1533 1231 1573; x_wconf 84' lang='lat' dir='ltr'>dentatae.</span> <span class='ocrx_word' id='word_1_153' title='bbox 1317 1532 1432 1573; x_wconf 81' lang='lat' dir='ltr'>Basis</span> <span class='ocrx_word' id='word_1_154' title='bbox 1465 1532 1619 1572; x_wconf 85' lang='lat' dir='ltr'>alarum</span> <span class='ocrx_word' id='word_1_155' title='bbox 1658 1532 1798 1571; x_wconf 85' lang='lat' dir='ltr'>subtus</span> 
     </span>
    </p>
   </div>
   <div class='ocr_carea' id='block_1_12' title="bbox 119 1605 1801 1664">
    <p class='ocr_par' dir='ltr' id='par_1_12' title="bbox 119 1605 1801 1664">
     <span class='ocr_line' id='line_1_20' title="bbox 119 1605 1801 1664; baseline -0.002 -14"><span class='ocrx_word' id='word_1_156' title='bbox 119 1610 225 1658; x_wconf 85' lang='lat' dir='ltr'>alba,</span> <span class='ocrx_word' id='word_1_157' title='bbox 257 1609 331 1648; x_wconf 89' lang='lat' dir='ltr'>sed</span> <span class='ocrx_word' id='word_1_158' title='bbox 359 1607 532 1662; x_wconf 83' lang='lat' dir='ltr'>pinnula</span> <span class='ocrx_word' id='word_1_159' title='bbox 561 1605 758 1646; x_wconf 83' lang='lat' dir='ltr'>subalaris</span> <span class='ocrx_word' id='word_1_160' title='bbox 793 1606 859 1657; x_wconf 87' lang='lat' dir='ltr'>(in</span> <span class='ocrx_word' id='word_1_161' title='bbox 890 1607 1041 1647; x_wconf 85' lang='lat' dir='ltr'>Grallis</span> <span class='ocrx_word' id='word_1_162' title='bbox 1072 1619 1115 1648; x_wconf 90' lang='lat' dir='ltr'>et</span> <span class='ocrx_word' id='word_1_163' title='bbox 1143 1608 1452 1664; x_wconf 84' lang='lat' dir='ltr'>palmipedibus</span> <span class='ocrx_word' id='word_1_164' title='bbox 1489 1607 1676 1664; x_wconf 81' lang='lat' dir='ltr'>apprime</span> <span class='ocrx_word' id='word_1_165' title='bbox 1706 1622 1801 1647; x_wconf 88' lang='lat' dir='ltr'>con-</span> 
     </span>
    </p>
   </div>
   <div class='ocr_carea' id='block_1_13' title="bbox 121 1680 1802 1741">
    <p class='ocr_par' dir='ltr' id='par_1_13' title="bbox 121 1680 1802 1741">
     <span class='ocr_line' id='line_1_21' title="bbox 121 1680 1802 1741; baseline -0.002 -16"><span class='ocrx_word' id='word_1_166' title='bbox 121 1684 290 1741; x_wconf 79' lang='lat' dir='ltr'>spicua,</span> <span class='ocrx_word' id='word_1_167' title='bbox 319 1682 364 1722; x_wconf 82' lang='lat' dir='ltr'>in</span> <span class='ocrx_word' id='word_1_168' title='bbox 392 1680 647 1722; x_wconf 84' lang='lat' dir='ltr'>Paradisaeis</span> <span class='ocrx_word' id='word_1_169' title='bbox 677 1693 905 1722; x_wconf 85' lang='lat' dir='ltr'>monstrose</span> <span class='ocrx_word' id='word_1_170' title='bbox 937 1687 1073 1736; x_wconf 83' lang='lat' dir='ltr'>aucta)</span> <span class='ocrx_word' id='word_1_171' title='bbox 1104 1683 1370 1739; x_wconf 82' lang='lat' dir='ltr'>octipennis‚</span> <span class='ocrx_word' id='word_1_172' title='bbox 1401 1696 1499 1725; x_wconf 80' lang='lat' dir='ltr'>atra.</span> <span class='ocrx_word' id='word_1_173' title='bbox 1586 1684 1712 1724; x_wconf 75' lang='lat' dir='ltr'>Pedes</span> <span class='ocrx_word' id='word_1_174' title='bbox 1743 1681 1802 1722; x_wconf 90' lang='lat' dir='ltr'>ni-</span> 
     </span>
    </p>
   </div>
   <div class='ocr_carea' id='block_1_14' title="bbox 123 1757 1803 1890">
    <p class='ocr_par' dir='ltr' id='par_1_14' title="bbox 123 1757 1803 1890">
     <span class='ocr_line' id='line_1_22' title="bbox 123 1757 1803 1816; baseline -0.002 -16"><span class='ocrx_word' id='word_1_175' title='bbox 123 1760 212 1816; x_wconf 77' lang='lat' dir='ltr'>gri,</span> <span class='ocrx_word' id='word_1_176' title='bbox 242 1758 366 1815; x_wconf 85' lang='lat' dir='ltr'>paulo</span> <span class='ocrx_word' id='word_1_177' title='bbox 398 1757 610 1798; x_wconf 87' lang='lat' dir='ltr'>breviores</span> <span class='ocrx_word' id='word_1_178' title='bbox 640 1772 764 1812; x_wconf 83' lang='lat' dir='ltr'>quam</span> <span class='ocrx_word' id='word_1_179' title='bbox 796 1758 1087 1812; x_wconf 84' lang='lat' dir='ltr'>Squatarolae;</span> <span class='ocrx_word' id='word_1_180' title='bbox 1119 1761 1240 1813; x_wconf 75' lang='lat' dir='ltr'>digiti</span> <span class='ocrx_word' id='word_1_181' title='bbox 1270 1759 1380 1814; x_wconf 80' lang='lat' dir='ltr'>rugis</span> <span class='ocrx_word' id='word_1_182' title='bbox 1409 1759 1630 1815; x_wconf 80' lang='lat' dir='ltr'>marginati</span> <span class='ocrx_word' id='word_1_183' title='bbox 1648 1790 1659 1806; x_wconf 94' lang='lat'><em>‚</em></span> <span class='ocrx_word' id='word_1_184' title='bbox 1690 1769 1803 1797; x_wconf 82' lang='lat' dir='ltr'>exte-</span> 
     </span>
     <span class='ocr_line' id='line_1_23' title="bbox 124 1833 1290 1890; baseline -0.003 -12"><span class='ocrx_word' id='word_1_185' title='bbox 124 1837 208 1878; x_wconf 87' lang='lat' dir='ltr'>rior</span> <span class='ocrx_word' id='word_1_186' title='bbox 236 1833 349 1890; x_wconf 84' lang='lat' dir='ltr'>plica</span> <span class='ocrx_word' id='word_1_187' title='bbox 379 1834 463 1873; x_wconf 79' lang='lat' dir='ltr'>lata</span> <span class='ocrx_word' id='word_1_188' title='bbox 494 1834 677 1873; x_wconf 76' lang='lat' dir='ltr'>adnexus</span> <span class='ocrx_word' id='word_1_189' title='bbox 702 1850 710 1880; x_wconf 83' lang='lat'><em>3</em></span> <span class='ocrx_word' id='word_1_190' title='bbox 772 1834 936 1887; x_wconf 75' lang='lat' dir='ltr'>Ungues</span> <span class='ocrx_word' id='word_1_191' title='bbox 965 1834 1102 1874; x_wconf 89' lang='lat' dir='ltr'>obtusi</span> <span class='ocrx_word' id='word_1_192' title='bbox 1131 1836 1290 1874; x_wconf 87' lang='lat' dir='ltr'>breves.</span> 
     </span>
    </p>
   </div>
   <div class='ocr_carea' id='block_1_15' title="bbox 126 1832 1806 1956">
    <p class='ocr_par' dir='ltr' id='par_1_15' title="bbox 126 1832 1806 1956">
     <span class='ocr_line' id='line_1_24' title="bbox 1358 1832 1806 1889; baseline -0.007 -15"><span class='ocrx_word' id='word_1_193' title='bbox 1358 1835 1495 1889; x_wconf 75' lang='lat' dir='ltr'>Digiti</span> <span class='ocrx_word' id='word_1_194' title='bbox 1523 1839 1667 1889; x_wconf 76' lang='lat' dir='ltr'>postici</span> <span class='ocrx_word' id='word_1_195' title='bbox 1697 1832 1806 1872; x_wconf 89' lang='lat' dir='ltr'>rudi-</span> 
     </span>
     <span class='ocr_line' id='line_1_25' title="bbox 126 1908 1269 1956; baseline -0.003 -3"><span class='ocrx_word' id='word_1_196' title='bbox 126 1923 313 1953; x_wconf 87' lang='lat' dir='ltr'>mentum</span> <span class='ocrx_word' id='word_1_197' title='bbox 344 1909 590 1956; x_wconf 80' lang='lat' dir='ltr'>minimum,</span> <span class='ocrx_word' id='word_1_198' title='bbox 617 1908 941 1956; x_wconf 84' lang='lat' dir='ltr'>verruciforme,</span> <span class='ocrx_word' id='word_1_199' title='bbox 972 1909 1188 1950; x_wconf 84' lang='lat' dir='ltr'>muticum.</span> <span class='ocrx_word' id='word_1_200' title='bbox 1221 1937 1269 1942; x_wconf 90' lang='lat'>—-</span> 
     </span>
    </p>
   </div>
   <div class='ocr_carea' id='block_1_16' title="bbox 129 1909 1807 2192">
    <p class='ocr_par' dir='ltr' id='par_1_16' title="bbox 129 1909 1807 2192">
     <span class='ocr_line' id='line_1_26' title="bbox 1329 1909 1805 1965; baseline -0.002 -16"><span class='ocrx_word' id='word_1_201' title='bbox 1329 1914 1376 1950; x_wconf 90' lang='lat' dir='ltr'>In</span> <span class='ocrx_word' id='word_1_202' title='bbox 1407 1909 1667 1965; x_wconf 75' lang='lat' dir='ltr'>quibusdam,</span> <span class='ocrx_word' id='word_1_203' title='bbox 1700 1909 1805 1949; x_wconf 88' lang='lat' dir='ltr'>forte</span> 
     </span>
     <span class='ocr_line' id='line_1_27' title="bbox 129 1984 1807 2042; baseline -0.002 -15"><span class='ocrx_word' id='word_1_204' title='bbox 129 1987 348 2041; x_wconf 82' lang='lat' dir='ltr'>junioribus</span> <span class='ocrx_word' id='word_1_205' title='bbox 376 1985 491 2025; x_wconf 88' lang='lat' dir='ltr'>color</span> <span class='ocrx_word' id='word_1_206' title='bbox 520 2001 639 2041; x_wconf 83' lang='lat' dir='ltr'>supra</span> <span class='ocrx_word' id='word_1_207' title='bbox 669 1984 800 2040; x_wconf 81' lang='lat' dir='ltr'>magis</span> <span class='ocrx_word' id='word_1_208' title='bbox 830 1986 987 2035; x_wconf 86' lang='lat' dir='ltr'>fuscus,</span> <span class='ocrx_word' id='word_1_209' title='bbox 1020 1986 1087 2026; x_wconf 85' lang='lat' dir='ltr'>vel</span> <span class='ocrx_word' id='word_1_210' title='bbox 1116 1986 1269 2042; x_wconf 87' lang='lat' dir='ltr'>plumis</span> <span class='ocrx_word' id='word_1_211' title='bbox 1298 1985 1421 2026; x_wconf 85' lang='lat' dir='ltr'>fuscis</span> <span class='ocrx_word' id='word_1_212' title='bbox 1450 2001 1636 2041; x_wconf 82' lang='lat' dir='ltr'>sparsus,</span> <span class='ocrx_word' id='word_1_213' title='bbox 1666 1985 1807 2025; x_wconf 88' lang='lat' dir='ltr'>subtus</span> 
     </span>
     <span class='ocr_line' id='line_1_28' title="bbox 131 2055 1344 2116; baseline 0 -14"><span class='ocrx_word' id='word_1_214' title='bbox 131 2079 153 2103; x_wconf 86' lang='lat' dir='ltr'>a</span> <span class='ocrx_word' id='word_1_215' title='bbox 182 2061 322 2102; x_wconf 87' lang='lat' dir='ltr'>medio</span> <span class='ocrx_word' id='word_1_216' title='bbox 352 2061 462 2101; x_wconf 87' lang='lat' dir='ltr'>collo</span> <span class='ocrx_word' id='word_1_217' title='bbox 493 2062 544 2101; x_wconf 87' lang='lat' dir='ltr'>ad</span> <span class='ocrx_word' id='word_1_218' title='bbox 573 2055 761 2101; x_wconf 84' lang='lat' dir='ltr'>ventrem</span> <span class='ocrx_word' id='word_1_219' title='bbox 791 2060 932 2116; x_wconf 80' lang='lat' dir='ltr'>niger,</span> <span class='ocrx_word' id='word_1_220' title='bbox 967 2062 1344 2104; x_wconf 83' lang='lat' dir='ltr'>albo-maculatus.</span> 
     </span>
     <span class='ocr_line' id='line_1_29' title="bbox 131 2136 744 2192; baseline -0.003 -14"><span class='ocrx_word' id='word_1_221' title='bbox 131 2139 191 2178; x_wconf 87' lang='lat' dir='ltr'>les</span> <span class='ocrx_word' id='word_1_222' title='bbox 221 2137 430 2177; x_wconf 87' lang='lat' dir='ltr'>nonnullis</span> <span class='ocrx_word' id='word_1_223' title='bbox 457 2136 581 2192; x_wconf 87' lang='lat' dir='ltr'>plane</span> <span class='ocrx_word' id='word_1_224' title='bbox 612 2137 744 2176; x_wconf 87' lang='lat' dir='ltr'>albae.</span> 
     </span>
    </p>
   </div>
   <div class='ocr_carea' id='block_1_17' title="bbox 1435 2061 1808 2102">
    <p class='ocr_par' dir='ltr' id='par_1_17' title="bbox 1435 2061 1808 2102">
     <span class='ocr_line' id='line_1_30' title="bbox 1435 2061 1808 2102; baseline -0.013 0"><span class='ocrx_word' id='word_1_225' title='bbox 1435 2064 1635 2102; x_wconf 77' lang='lat' dir='ltr'>Rectrices</span> <span class='ocrx_word' id='word_1_226' title='bbox 1664 2061 1808 2100; x_wconf 84' lang='lat' dir='ltr'>latera-</span> 
     </span>
    </p>
   </div>
   <div class='ocr_carea' id='block_1_18' title="bbox 134 2135 1815 2495">
    <p class='ocr_par' dir='ltr' id='par_1_18' title="bbox 134 2135 1810 2345">
     <span class='ocr_line' id='line_1_31' title="bbox 828 2135 1810 2191; baseline -0.001 -16"><span class='ocrx_word' id='word_1_227' title='bbox 828 2138 1040 2177; x_wconf 75' lang='lat' dir='ltr'>Mensurae</span> <span class='ocrx_word' id='word_1_228' title='bbox 1070 2153 1091 2177; x_wconf 88' lang='lat' dir='ltr'>a</span> <span class='ocrx_word' id='word_1_229' title='bbox 1125 2153 1285 2178; x_wconf 87' lang='lat' dir='ltr'>summo</span> <span class='ocrx_word' id='word_1_230' title='bbox 1313 2150 1443 2179; x_wconf 85' lang='lat' dir='ltr'>rostro</span> <span class='ocrx_word' id='word_1_231' title='bbox 1482 2139 1532 2178; x_wconf 87' lang='lat' dir='ltr'>ad</span> <span class='ocrx_word' id='word_1_232' title='bbox 1561 2135 1810 2191; x_wconf 79' lang='lat' dir='ltr'>uropygium</span> 
     </span>
     <span class='ocr_line' id='line_1_32' title="bbox 135 2210 1810 2266; baseline -0.004 -11"><span class='ocrx_word' id='word_1_233' title='bbox 135 2214 190 2255; x_wconf 72' lang='grc' dir='ltr'>δ”.</span> <span class='ocrx_word' id='word_1_234' title='bbox 220 2211 341 2252; x_wconf 88' lang='lat' dir='ltr'>rostri</span> <span class='ocrx_word' id='word_1_235' title='bbox 378 2229 389 2250; x_wconf 85' lang='lat'>1</span> <span class='ocrx_word' id='word_1_236' title='bbox 425 2211 527 2266; x_wconf 89' lang='lat' dir='ltr'>poll.</span> <span class='ocrx_word' id='word_1_237' title='bbox 557 2213 713 2251; x_wconf 83' lang='lat' dir='ltr'>caudae</span> <span class='ocrx_word' id='word_1_238' title='bbox 744 2210 925 2264; x_wconf 81' lang='lat' dir='ltr'>aequalis</span> <span class='ocrx_word' id='word_1_239' title='bbox 958 2214 1014 2251; x_wconf 81' lang='lat'>2‘&#39;.</span> <span class='ocrx_word' id='word_1_240' title='bbox 1047 2214 1114 2261; x_wconf 76' lang='lat'><em>9&#39;&#39;‘.</em></span> <span class='ocrx_word' id='word_1_241' title='bbox 1145 2214 1266 2253; x_wconf 83' lang='lat' dir='ltr'>ulnae</span> <span class='ocrx_word' id='word_1_242' title='bbox 1306 2214 1461 2253; x_wconf 72' lang='lat' dir='ltr'>alarum</span> <span class='ocrx_word' id='word_1_243' title='bbox 1504 2215 1560 2266; x_wconf 64' lang='lat'>7²¹.</span> <span class='ocrx_word' id='word_1_244' title='bbox 1606 2213 1810 2252; x_wconf 79' lang='lat' dir='ltr'>femorum</span> 
     </span>
     <span class='ocr_line' id='line_1_33' title="bbox 134 2285 1496 2345; baseline 0.001 -17"><span class='ocrx_word' id='word_1_245' title='bbox 134 2287 263 2345; x_wconf 84' lang='lat' dir='ltr'>partis</span> <span class='ocrx_word' id='word_1_246' title='bbox 292 2288 470 2327; x_wconf 87' lang='lat' dir='ltr'>nudatae</span> <span class='ocrx_word' id='word_1_247' title='bbox 501 2291 567 2339; x_wconf 86' lang='lat'><em>7&#39;&#39;&#39;.</em></span> <span class='ocrx_word' id='word_1_248' title='bbox 596 2285 794 2326; x_wconf 78' lang='lat' dir='ltr'>tibiarum</span> <span class='ocrx_word' id='word_1_249' title='bbox 829 2287 883 2326; x_wconf 83' lang='lat'>1“.</span> <span class='ocrx_word' id='word_1_250' title='bbox 915 2290 982 2337; x_wconf 83' lang='lat'><em>9&#39;‘&#39;.</em></span> <span class='ocrx_word' id='word_1_251' title='bbox 1013 2286 1135 2341; x_wconf 79' lang='lat' dir='ltr'>digiti</span> <span class='ocrx_word' id='word_1_252' title='bbox 1166 2288 1297 2328; x_wconf 79' lang='lat' dir='ltr'>medii</span> <span class='ocrx_word' id='word_1_253' title='bbox 1334 2291 1386 2329; x_wconf 71' lang='lat'>1&#39;‘.</span> <span class='ocrx_word' id='word_1_254' title='bbox 1427 2291 1496 2329; x_wconf 78' lang='lat'><em>2‘&#39;&#39;.</em></span> 
     </span>
    </p>

    <p class='ocr_par' dir='ltr' id='par_1_19' title="bbox 139 2361 1815 2495">
     <span class='ocr_line' id='line_1_34' title="bbox 274 2361 1812 2419; baseline -0.001 -16"><span class='ocrx_word' id='word_1_255' title='bbox 274 2363 385 2403; x_wconf 75' lang='lat' dir='ltr'>Not.</span> <span class='ocrx_word' id='word_1_256' title='bbox 445 2366 492 2402; x_wconf 87' lang='lat' dir='ltr'>In</span> <span class='ocrx_word' id='word_1_257' title='bbox 521 2361 635 2402; x_wconf 85' lang='lat' dir='ltr'>omni</span> <span class='ocrx_word' id='word_1_258' title='bbox 675 2361 812 2403; x_wconf 84' lang='lat' dir='ltr'>avium</span> <span class='ocrx_word' id='word_1_259' title='bbox 843 2376 994 2416; x_wconf 81' lang='lat' dir='ltr'>genere</span> <span class='ocrx_word' id='word_1_260' title='bbox 1025 2377 1238 2418; x_wconf 80' lang='lat' dir='ltr'>compares</span> <span class='ocrx_word' id='word_1_261' title='bbox 1283 2364 1442 2419; x_wconf 86' lang='lat' dir='ltr'>species</span> <span class='ocrx_word' id='word_1_262' title='bbox 1474 2364 1713 2419; x_wconf 82' lang='lat' dir='ltr'>frequentes</span> <span class='ocrx_word' id='word_1_263' title='bbox 1744 2362 1812 2402; x_wconf 91' lang='lat' dir='ltr'>ob-</span> 
     </span>
     <span class='ocr_line' id='line_1_35' title="bbox 139 2437 1815 2495; baseline -0.002 -14"><span class='ocrx_word' id='word_1_264' title='bbox 139 2455 359 2481; x_wconf 83' lang='lat' dir='ltr'>servamus.</span> <span class='ocrx_word' id='word_1_265' title='bbox 445 2437 512 2482; x_wconf 81' lang='lat' dir='ltr'>Sic</span> <span class='ocrx_word' id='word_1_266' title='bbox 555 2437 656 2479; x_wconf 86' lang='lat' dir='ltr'>haec</span> <span class='ocrx_word' id='word_1_267' title='bbox 700 2453 794 2479; x_wconf 82' lang='lat' dir='ltr'>cum</span> <span class='ocrx_word' id='word_1_268' title='bbox 839 2437 918 2480; x_wconf 88' lang='lat' dir='ltr'>Ch.</span> <span class='ocrx_word' id='word_1_269' title='bbox 962 2438 1189 2495; x_wconf 82' lang='lat' dir='ltr'>apricario,</span> <span class='ocrx_word' id='word_1_270' title='bbox 1241 2440 1440 2482; x_wconf 65' lang='lat' dir='ltr'>Pluvialis</span> <span class='ocrx_word' id='word_1_271' title='bbox 1481 2455 1574 2480; x_wconf 81' lang='lat' dir='ltr'>eum</span> <span class='ocrx_word' id='word_1_272' title='bbox 1617 2438 1815 2486; x_wconf 80' lang='lat' dir='ltr'>Pardela,</span> 
     </span>
    </p>
   </div>
   <div class='ocr_carea' id='block_1_19' title="bbox 1379 2528 1397 2547">
    <p class='ocr_par' dir='ltr' id='par_1_20' title="bbox 1379 2528 1397 2547">
     <span class='ocr_line' id='line_1_36' title="bbox 1379 2528 1397 2547; baseline 0 0"><span class='ocrx_word' id='word_1_273' title='bbox 1379 2528 1397 2547; x_wconf 52' lang='grc' dir='ltr'><strong><em>ἢ</em></strong></span> 
     </span>
    </p>
   </div>
  </div>
 </body>
</html>
