2175 2931
383 192 438 231 62
1140 200 1285 224 Ξ

383 303 442 345 las
471 304 658 360 perticae
690 319 783 345 cum
815 314 1044 344 transverso
1075 315 1195 356 supra
1225 301 1451 351 assei-culo,
1495 304 1608 356 cujus
1639 300 1973 344 extremitatibus
2005 305 2060 344 al-

380 381 533 435 ligatur
564 381 781 421 fasciculus
811 379 1039 435 spicarum,
1097 388 1139 416 et
1169 388 1261 416 ante
1293 377 1408 418 illam
1440 378 1609 434 laqueus
1638 379 1842 427 tenditur,
1883 390 1929 419 ut
1957 379 2057 430 avis,

382 458 482 497 dum
511 456 644 512 spicas
674 457 855 512 appetit,
886 454 1022 509 capite
1053 453 1278 508 illaqueata
1306 453 1506 509 capiatur.

518 533 590 572 No
602 543 628 574 t.
668 551 696 572 1.
727 535 905 573 Iuniores
935 545 1082 578 mares,
1117 529 1318 579 anniculi,
1351 530 1512 585 plumas
1543 529 1709 570 verticis
1725 530 1866 571 limbis
1890 530 2061 587 gryseiS‚

381 607 482 649 colli
514 608 664 649 albidis
695 607 988 648 subundulatas
1018 604 1196 655 habent,
1244 605 1379 645 minus
1409 605 1610 661 speciosi,
1659 606 1702 646 in
1734 608 1885 662 angulo
1915 606 2061 647 maxil-

379 685 443 726 lae
475 686 634 739 guttula
665 685 756 724 alba
788 682 940 731 notati,
998 684 1110 736 quod
1138 681 1278 736 itaque
1309 697 1392 722 non
1423 692 1481 722 est
1519 682 1682 737 signum
1724 682 1973 733 triennium,
2017 693 2063 723 ut

381 775 433 801 ex
463 763 583 801 Acus
624 760 968 801 Breslaviensibus
998 759 1151 814 allegat
1195 759 1480 810 Bussenius.
1553 759 1794 814 Scapulares
1823 760 1991 814 plumae
2020 769 2063 800 et

377 835 626 891 uropygium
656 836 806 877 itidem
837 835 995 891 pallide
1026 849 1172 889 gryseo
1203 833 1414 875 subtiliter
1446 834 1673 888 pulverata.
1708 861 1757 865 ——
1788 836 1970 875 Seniores
1999 850 2062 875 su-

377 914 530 968 perbae
560 913 793 967 plumarum
822 911 959 951 nitore
988 921 1081 950 sunt
1109 925 1204 950 aves
1235 921 1276 950 et
1304 909 1414 949 inter
1445 909 1653 960 boreales,
1709 910 1955 965 praesertim
1984 909 2061 966 hy-

377 988 547 1037 bernas,
594 988 734 1028 facille
765 986 1086 1043 pulcherrimae.
1153 988 1256 1026 Sunt
1285 985 1398 1025 enim
1427 996 1469 1024 et
1499 989 1674 1034 majores
1703 996 1744 1026 et
1773 985 2062 1041 plumosiores,

375 1063 528 1120 plum's
559 1063 831 1104 strictissimis
862 1062 1127 1117 splendidae,
1173 1060 1408 1117 superciliis
1438 1059 1760 1114 ttugidioribus,
1804 1060 2063 1110 ruberrimis,

377 1139 560 1194 corporis
591 1138 809 1193 nigredine
851 1137 1043 1176 atem-ima
1074 1148 1115 1176 et
1144 1136 1408 1182 internirata3
1469 1135 1607 1190 capite
1638 1135 1902 1190 praesertim,
1947 1150 2062 1192 prae-

377 1224 440 1254 ter
485 1215 727 1270 palpebram
771 1212 1013 1253 inferiorem
1042 1223 1083 1252 et
1113 1212 1343 1267 plumulam
1383 1227 1504 1251 unam
1536 1211 1606 1251 vel
1635 1213 1807 1252 alteram
1836 1212 1881 1253 in
1911 1211 2066 1267 angulo

380 1289 579 1331 maxillae
615 1289 768 1333 albam,
800 1287 1051 1342 nigerrimo;
1082 1287 1212 1342 juguli
1227 1287 1422 1327 coeruleo
1443 1287 1663 1341 splendore
1680 1286 1972 1341 fulgidissimo,
2001 1298 2064 1328 to-

375 1376 501 1420 toque
532 1363 680 1404 habitu
721 1363 877 1403 decori.
949 1364 1031 1403 Sed
1062 1378 1155 1403 cum
1185 1362 1271 1402 vita
1303 1362 1441 1416 aliqua
1471 1377 1563 1417 pars
1603 1362 1898 1417 pulcritudinis
1935 1363 2062 1418 perit,

377 1441 544 1496 plumae
574 1455 657 1480 non
689 1439 867 1494 amplius
898 1453 1026 1492 aeque
1057 1438 1290 1493 laevigatae
1322 1437 1572 1487 scintillant,
1628 1439 1892 1479 collabuntur
1919 1439 2063 1494 palpe-

376 1517 498 1566 brae,
536 1516 654 1571 vigor
683 1514 818 1554 omnis
849 1514 1004 1554 Formae
1036 1513 1136 1554 absst.
1166 1540 1218 1544 -—
1248 1515 1412 1555 Pondus
1441 1513 1621 1555 maribus
1650 1515 1776 1568 vulgo
1807 1520 1828 1554 5
1860 1514 2062 1555 librarum

377 1592 636 1634 modicarum
677 1606 765 1631 esse
804 1590 930 1639 solet,
974 1589 1159 1630 minimis
1204 1601 1389 1645 quatuor.
1460 1592 1648 1645 Remiges
1680 1597 1740 1630 26.
1769 1594 1954 1631 rectrices
1990 1595 2059 1632 18!

377 1668 421 1709 in
460 1680 633 1723 utroque
675 1681 790 1708 sexu.
862 1668 1098 1707 Intestinum
1127 1666 1381 1721 sexpedale5
1424 1682 1545 1707 coeca
1584 1665 1850 1722 bipedalibus
1890 1670 2059 1720 majora,

379 1746 583 1791 flexuosa,
613 1741 897 1799 sesquipedali.
928 1743 977 1782 ab
1011 1757 1089 1782 ano
1118 1741 1363 1791 intervallo,
1395 1741 1504 1782 striis
1535 1757 1606 1782 seu
1637 1741 1776 1782 nervis
1807 1759 1844 1794 7.
1879 1741 2061 1796 longitu-

379 1819 608 1868 dinalibus,
653 1820 704 1858 ad
735 1817 893 1859 orificia
925 1818 1180 1873 glandulosa.
1255 1820 1396 1871 Cystis
1425 1833 1508 1857 non
1538 1817 1775 1872 conspicua.
1846 1817 2062 1857 Musculo-

379 1911 469 1936 rum
498 1894 776 1951 pectoralium
806 1894 868 1934 vis
895 1905 1029 1942 tanta,
1062 1904 1107 1932 ut
1134 1893 1307 1932 retentis
1339 1891 1458 1932 vivae
1490 1891 1601 1932 alitis
1633 1892 1729 1942 alis,
1774 1891 1941 1933 humeri
1970 1908 2061 1933 ossa

377 1973 580 2026 frangant.
665 1970 893 2025 Singularis
939 1967 1157 2009 distinctio
1199 1966 1405 2017 carnium,
1465 1969 1565 2008 dum
1607 1968 1784 2009 musculi
1825 1968 2060 2024 pectorales

378 2046 540 2102 magni,
574 2046 679 2087 sicut
711 2047 888 2094 femora,
920 2043 1068 2085 elixati
1096 2045 1345 2093 fuscescant‚
1380 2055 1419 2083 at
1448 2045 1680 2099 pectorales
1709 2044 1889 2085 minores
1920 2045 2059 2084 albam

379 2138 543 2163 carnem
576 2120 828 2170 exhibeant,
859 2131 905 2160 ut
934 2120 978 2160 in
1008 2120 1246 2175 Lagopode.
1303 2121 1578 2173 Bussenius
1606 2135 1824 2176 perperam
1854 2119 1960 2160 dicit
1975 2134 2060 2159 car-

380 2214 451 2238 nes
481 2213 568 2238 esse
600 2198 736 2246 albas,
769 2198 879 2251 quod
909 2207 1071 2236 tantum
1101 2194 1330 2242 Phasiano,
1362 2197 1575 2245 Gallinae,
1606 2196 1880 2250 Meleagridi,
1910 2194 2061 2235 Numi-

383 2275 460 2312 dae
491 2285 532 2313 et
562 2272 762 2314 Bonasiae
791 2272 921 2313 tribui
950 2283 1103 2328 potest.
1170 2271 1385 2312 Tetricem
1413 2288 1570 2312 marem
1599 2288 1694 2312 cum
1725 2271 1890 2313 Gallina
1920 2271 2060 2325 vulga-

383 2347 419 2386 ri
458 2349 703 2403 progeniem
746 2348 910 2388 dedisse
956 2347 1204 2403 hybridam,
1269 2346 1565 2388 infoecundam
1621 2352 1797 2389 amicis&
1854 2345 2057 2404 prodidit.

383 2424 603 2464 Pennant
640 2428 824 2479 supplem
852 2425 909 2464 ad
937 2424 1055 2465 Zool.
1085 2427 1280 2464 aroucam
1308 2439 1345 2478 p.
1378 2430 1442 2465 63.
