2175 2931
409 221 493 261 14¹3
1168 219 1312 244 ===

406 320 531 364 Char.
562 320 846 377 mongolicus,
878 319 1039 375 caspius
1058 351 1067 368 ‚
1107 319 1193 360 imo
1231 317 1447 359 asiaticum
1478 334 1572 361 cum
1602 317 1824 359 morineHO
1855 318 2080 360 assinfihuv

406 410 495 448 tur,
526 413 578 439 ne
608 398 825 438 immunera
856 396 935 436 alia
967 395 1162 451 exempla
1190 410 1264 451 per
1294 409 1445 450 genera
1474 396 1554 437 alia
1583 410 1815 451 persequar.

651 533 763 577 261.
854 530 893 575 C
915 532 960 574 H
981 532 1021 575 A
1042 533 1079 574 R
1100 532 1141 575 A
1162 532 1205 575 D
1227 532 1363 574 RIU
1384 532 1411 573 S
1500 532 1830 590 apricarius.

543 626 588 668 C.
618 625 889 681 tridactylus,
934 639 1107 680 corpore
1151 640 1271 681 supra
1300 624 1465 680 punctis
1495 623 1730 664 flavissimis
1759 634 1942 679 guttam,
1989 626 2080 665 sub-

398 714 461 743 tus
493 712 594 742 atro.
1463 748 1465 751 y

615 776 814 817 Pluvialis
851 775 1027 825 naevia,
1069 788 1213 817 ventre
1256 776 1401 832 nigro,
1447 777 1640 817 Edward.
1670 792 1733 817 av.
1772 778 1823 816 II.
1855 792 1894 831 p.
1926 787 1963 817 et
1993 777 2077 817 tab.

679 863 766 904 140.

622 928 822 970 Pluvialis
853 943 973 969 aurea
1004 928 1100 968 freti
1131 928 1357 978 hudsonis,
1390 930 1571 968 Brisson.
1602 943 1686 967 orn.
1718 928 1759 966 V.
1790 944 1829 982 p.
1862 935 1925 968 51.
1956 944 2015 982 sp.
2037 936 2077 979 4.

613 1003 864 1047 Charadrius
895 1003 1144 1059 apricariUS‚
1175 1007 1263 1044 Lin.
1294 1014 1396 1058 ςγδι.
1427 1005 1522 1043 XII.
1554 1005 1587 1043 I.
1618 1020 1656 1058 p.
1689 1010 1780 1053 254.
1810 1019 1871 1058 sp.
1904 1010 1941 1044 6.

614 1081 783 1122 Pluvier
812 1082 912 1120 dore
944 1081 965 1119 a
995 1094 1121 1134 gorge
1152 1080 1296 1129 noire,
1327 1081 1490 1132 Buffon.
1522 1095 1608 1120 orn.
1640 1081 1744 1119 VIII.
1777 1096 1816 1134 p.
1848 1086 1911 1121 85.

615 1155 868 1212 Alwargrim
898 1155 1071 1202 Plover,
1102 1156 1212 1195 Pe‘nn
1247 1157 1365 1197 Zool.
1399 1166 1500 1196 aret.
1530 1157 1583 1195 II.
1616 1172 1656 1212 p.
1687 1162 1780 1205 483.
1812 1171 1850 1195 η.
1882 1162 1973 1208 398.

610 1235 798 1273 Latham.
830 1248 891 1272 av.
925 1233 966 1271 V.
998 1249 1036 1287 p.
1077 1238 1162 1282 198.
1195 1248 1232 1271 n.
1277 1241 1335 1282 14.

528 1312 606 1349 Per
636 1308 832 1348 arcticam
864 1308 1029 1362 plagam
1057 1306 1185 1346 totius
1216 1306 1419 1352 Sibiriae,
1458 1321 1552 1346 cum
1581 1307 1884 1361 praecedente,
1929 1305 2072 1362 copio⁴

390 1383 598 1434 sissimus,
632 1383 771 1423 eidem
800 1382 1037 1423 simillimus
1068 1382 1130 1421 uti
1159 1395 1352 1436 corpore,
1381 1381 1440 1421 ita
1469 1381 1672 1429 moribus3
1702 1396 1837 1436 neque
1867 1384 1976 1438 apud
2005 1385 2074 1424 Sa-

391 1462 576 1515 mojedas
607 1470 649 1498 et
679 1458 871 1499 Ostiacos
901 1457 1071 1498 nomine
1102 1456 1386 1511 distinquitur.
1470 1460 1579 1497 Vere
1622 1468 1664 1497 et
1706 1469 1903 1499 autumno
1945 1470 2072 1499 trans-

394 1535 575 1590 migrans
605 1536 846 1576 observatur
874 1533 917 1573 in
950 1532 1107 1588 campis
1137 1532 1248 1573 circa
1277 1537 1360 1572 Iset
1387 1543 1430 1571 et
1460 1531 1616 1572 Ischim
1646 1533 1792 1573 fluvios
1810 1565 1820 1582 ‚
1851 1545 1897 1573 ut
1926 1545 1968 1573 et
1996 1537 2071 1575 Ba-

390 1611 656 1660 rabensibus‚
688 1611 761 1650 sed
790 1624 929 1665 parce.
1001 1608 1241 1649 Solitarium
1271 1623 1368 1648 vere
1409 1607 1537 1648 etiam
1566 1607 1611 1647 in
1641 1609 1805 1649 deserto
1842 1609 1983 1665 caspio
2011 1609 2071 1651 vi-

389 1685 458 1737 di,
491 1699 533 1727 et
560 1686 605 1728 in
636 1685 774 1741 Ingria
802 1685 923 1725 Junio
953 1687 1216 1726 observatum
1255 1686 1354 1725 scio.

528 1764 698 1803 Descr.
745 1764 775 1799 V
776 1766 959 1802 arietatis
987 1761 1031 1802 in
1060 1760 1339 1817 Volgensibus
1370 1760 1552 1817 campis,
1595 1760 1703 1800 infra
1733 1762 1903 1816 Sarpam
1932 1762 2068 1802 obser-

385 1850 528 1879 vatae:
557 1840 747 1879 Rostrum
774 1837 952 1893 nigrum.
1009 1840 1132 1879 Frons
1161 1838 1297 1893 prima
1330 1837 1482 1878 albida.
1540 1838 1671 1891 Supra
1699 1835 1931 1889 nigricans,
1976 1838 2066 1891 plu-

385 1915 464 1955 mis
493 1926 669 1970 utroque
699 1913 887 1968 margine
930 1914 1044 1954 luteo
1086 1913 1226 1954 albore
1267 1911 1498 1968 biguttatis.
1566 1912 1672 1952 Alae
1715 1911 1890 1951 caudam
1926 1913 2066 1953 subae-

382 2002 581 2046 quantes,
626 1992 789 2038 fuscae3
832 1991 972 2029 subtus
1002 1988 1186 2029 brachiis
1229 1989 1375 2037 albae,
1420 1986 1647 2028 rhachibus
1685 1986 1891 2041 remigum
1927 2002 2064 2029 versus

382 2066 697 2107 extremitatem
726 2065 856 2115 albis,
902 2064 1020 2120 apice
1051 2063 1274 2104 tectricum
1312 2064 1407 2105 albo
1436 2063 1682 2119 marginato.
1765 2064 1966 2104 Reccrices
2002 2081 2061 2106 12.

382 2142 612 2183 Iutescente
643 2140 907 2181 transversim
939 2140 1121 2181 striatae.
1193 2142 1417 2196 Supercilia
1458 2151 1500 2180 et
1541 2149 1693 2180 tractus
1735 2138 1917 2179 lateralis
1958 2139 2060 2180 colli

381 2219 498 2267 alba3
542 2218 682 2259 subtus
710 2218 832 2272 gula,
877 2218 1032 2258 collum
1074 2228 1117 2257 et
1158 2231 1305 2272 corpus
1334 2227 1469 2257 totum
1498 2215 1744 2256 intermixta
1773 2214 1925 2270 plumis
1956 2215 2059 2256 albis

382 2305 423 2332 et
448 2294 602 2349 nigris,
635 2294 704 2333 vel
733 2292 955 2334 dimidiato
985 2292 1125 2349 nigris.
1182 2295 1260 2344 (At
1287 2292 1468 2348 vulgaris
1499 2292 1584 2332 avis
1614 2302 1702 2332 tota
1731 2292 1872 2331 subtus
1901 2290 2051 2345 nigra).

379 2370 558 2409 Crissum
587 2370 739 2410 album.
806 2370 932 2410 Pedes
961 2368 1090 2419 fusci,
1120 2367 1352 2423 tridactyli.
1418 2370 1571 2410 Remex
1600 2366 1734 2423 prima
1763 2377 1875 2418 tota,
1913 2380 2054 2407 secun-

375 2443 428 2484 da
457 2458 595 2484 versus
626 2444 790 2500 apicem
818 2446 1054 2486 serrulatae.
