2175 2931
396 223 480 263 114
1142 222 1286 246 Ξ

391 323 444 362 ad
475 332 655 362 austrum
685 320 950 376 regionibuS,
1005 337 1045 361 v.
1077 336 1134 376 gr.
1167 319 1399 371 Buchzuia,
1453 336 1535 363 non
1564 319 1709 376 ignota
1738 320 1817 369 sit,
1871 334 1913 362 et
1945 337 2068 364 ranae

388 396 527 438 saltim
556 397 666 438 circa
701 413 812 437 mare
843 396 1040 453 Caspium
1070 408 1112 436 et
1141 400 1227 452 ejus
1256 396 1402 437 fluvios
1432 398 1618 453 vulgares
1647 399 1742 438 sint.
1773 422 1821 429 —-
1881 397 2068 439 Certissi-

388 488 455 515 ma
491 485 552 513 est
592 470 851 522 observatio,
910 473 1102 513 Ciconias
1141 488 1263 528 saepe
1302 488 1428 513 unum
1467 489 1488 514 e
1524 473 1649 529 pullis
1680 488 1702 513 e
1732 472 1833 512 nido
1870 473 2065 527 dejicere,

386 563 539 603 quem,
592 547 694 588 licet
723 546 903 587 humana
934 563 1028 588 cura
1059 560 1304 604 reponatur,
1356 560 1488 589 mater
1514 560 1655 589 tamen
1682 548 1836 589 iterum
1864 548 2068 605 praecipi-

386 634 473 664 tem
503 624 586 664 dat.
657 623 835 663 Adultos
865 623 1001 678 pullos
1032 637 1162 664 mater
1190 624 1405 665 famelicos
1435 624 1479 664 in
1508 625 1608 665 nido
1639 624 1862 680 relinquit,
1904 623 1950 664 in
1978 625 2066 665 lon-

387 699 543 755 ginquo
572 700 667 740 loco
697 697 940 749 considens,
996 710 1041 739 ut.
1069 702 1240 741 tandein
1270 701 1405 741 coacti
1440 701 1678 754 relinquant
1714 700 1860 741 nidum
1890 711 1932 740 et
1962 701 2067 741 duce

385 787 517 816 matre
548 776 686 816 volare
718 774 902 822 discant3
932 776 1043 830 quod
1073 776 1243 831 quidem
1271 776 1316 817 in
1346 776 1438 816 aliis
1469 776 1610 816 multis
1641 775 1785 818 avibus
1812 775 1969 833 pariter
1997 777 2067 816 ob-

385 850 539 891 servari
567 861 720 907 potest.
753 876 800 882 -
845 849 1003 892 Mirum
1032 863 1232 907 quantum
1262 850 1437 893 Ciconia
1466 851 1618 891 rictum
1648 862 1690 891 et
1718 852 1858 907 gulam
1889 851 2067 891 dilatare

384 937 546 982 potest,
600 926 688 967 sine
726 926 896 980 negotio
934 926 1169 982 deglutiens
1211 927 1407 984 cyprinos
1446 941 1567 983 supra
1607 935 1629 969 3
1668 927 1822 981 digitos
1851 927 1980 976 latos,
2025 937 2070 967 et

382 1001 553 1057 pedales
600 1001 732 1043 lucios
774 1001 898 1041 facile
931 1002 1169 1058 oesophago
1200 1003 1358 1044 condit.
1431 1006 1544 1043 Loco
1572 1007 1684 1044 vocis
1713 1001 1858 1043 sibilus
1884 1017 1961 1058 per
1987 1013 2066 1042 tra-

382 1075 532 1117 cheam
576 1077 748 1118 emissus
790 1088 832 1117 et
872 1077 1095 1133 crepitatio
1137 1078 1272 1120 rostri.
1344 1078 1648 1120 Crotalistriam
1691 1089 1830 1118 actura
1870 1077 2070 1118 extendit

381 1152 537 1193 collum
566 1163 607 1192 et
634 1151 976 1208 perpendiculari
1018 1153 1100 1193 situ
1142 1153 1263 1194 rostri
1306 1153 1449 1195 sibilat
1490 1153 1666 1204 iterato,
1712 1153 1812 1194 dein
1855 1152 2068 1208 resupinat

380 1227 537 1267 collum
567 1238 613 1267 ut
643 1238 820 1268 rostrum
848 1228 934 1268 fere
965 1230 1143 1269 candum
1174 1229 1362 1285 adtingat
1391 1241 1434 1270 et
1462 1229 1651 1270 concutit
1683 1229 1897 1279 maxillas,
1929 1228 2066 1284 primo

380 1301 558 1352 lentius,
590 1302 688 1343 dein
720 1304 891 1354 crebro,
921 1314 963 1344 et
993 1306 1067 1345 sub
1095 1306 1221 1345 finem
1250 1306 1388 1346 denuo
1417 1304 1597 1354 lentius,
1627 1304 1852 1345 demittens
1883 1302 1927 1342 in
1956 1302 2066 1358 prio-

380 1391 469 1418 rem
499 1376 624 1418 situm
654 1388 791 1433 caput.
864 1381 994 1419 Iratus
1023 1380 1186 1435 plumas
1215 1380 1364 1436 capitis
1393 1380 1437 1420 in
1467 1378 1605 1420 nucha
1640 1379 1849 1436 longiores
1879 1389 1920 1420 et
1947 1379 2065 1434 jubas

379 1452 537 1508 juguli,
570 1454 739 1493 demum
769 1452 869 1493 colli
899 1465 941 1494 et
969 1454 1098 1495 totius
1128 1455 1312 1512 corporis
1341 1456 1503 1511 plumas
1533 1455 1690 1512 arrigit.

821 1583 935 1634 244.
1013 1577 1052 1623 C
1074 1580 1091 1622 I
1112 1578 1151 1624 C
1173 1581 1213 1623 O
1234 1581 1311 1623 NI
1336 1582 1373 1624 A
1448 1579 1621 1635 nigra.

517 1681 565 1724 C·
596 1698 768 1740 corpore
799 1684 1115 1731 sericeo-atro,
1152 1684 1292 1724 subtus
1323 1684 1432 1725 albo.

598 1759 773 1800 Ciconia
804 1759 945 1815 nigra,
978 1770 1215 1809 auctorum,
1247 1760 1400 1800 Frisch.
1432 1775 1496 1800 av.
1529 1759 1610 1800 tab.
1648 1776 1733 1812 197·
1763 1760 1943 1800 Brisson.
1974 1773 2058 1800 orn.

656 1836 703 1875 V.
735 1851 774 1891 p.
807 1843 898 1876 362.
930 1836 1014 1877 tab.
1045 1843 1109 1876 δι.
1140 1835 1355 1875 D’aubent.
1387 1840 1482 1890 pict.
1513 1835 1594 1875 tab.
1626 1841 1720 1885 399.

596 1911 737 1951 Ardea
766 1911 908 1966 nigra,
937 1913 1026 1952 Lin.
1055 1920 1160 1966 syst.
1190 1911 1286 1950 XII.
1316 1911 1349 1950 I.
1380 1927 1418 1966 p.
1453 1917 1543 1952 235.
1574 1925 1634 1965 sp.
1667 1915 1702 1951 8.

486 1983 659 2026 Rossice
687 1988 808 2044 Ajist.

489 2060 651 2100 Tataris
680 2063 1053 2117 Karh-Kiigolok;
1092 2063 1161 2103 vel
1194 2063 1576 2119 Karh-Dslzilang,
1607 2060 1653 2103 in
1683 2061 1835 2104 Sibiria
1863 2062 2060 2109 Schule‘m

541 2135 782 2178 Baschkiris
810 2139 999 2187 Silaehn3
1029 2136 1203 2193 Kirgisis
1231 2140 1373 2179 Κανὰ·
1393 2140 1540 2181 Tama.

486 2211 723 2255 Calmuccis
752 2214 981 2255 Chordshil.

485 2287 667 2329 Ostiacis
698 2290 750 2329 ad
780 2288 885 2329 Irtin
912 2289 1131 2340 Sorseura5
1170 2291 1221 2332 ad
1251 2293 1402 2349 Surgut
1425 2293 1588 2351 Njong5
1630 2293 1682 2335 ad
1711 2294 1872 2348 Narym
1905 2290 2053 2341 Tollia,

551 2363 744 2405 Tschilin.

483 2435 687 2491 Tungusis
717 2440 844 2483 Schili
872 2441 941 2482 vel
968 2441 1152 2484 Sschz'lin.
