2175 2931
397 182 489 235 045
1171 192 1316 216 ==

393 294 678 350 continuoque
717 294 862 336 hiante
900 304 1032 334 rostro
1072 291 1260 334 strideat.
1330 291 1513 334 Nonnisi
1551 292 1781 349 aegerrime
1812 306 1853 336 et
1883 295 2076 347 elumbis,

393 384 470 426 per
499 371 745 411 brevissima
774 370 998 411 intervalla
1026 368 1212 419 incedit,
1270 379 1525 425 angustoque
1555 370 1650 410 loco
1679 371 1898 411 subvolare
1929 373 2075 413 nescit.

393 446 438 486 ln
468 446 562 486 lacu
593 445 736 486 liberis
765 462 848 487 vox
877 446 1109 496 crocitans,
1164 444 1365 485 suffocata
1392 445 1558 500 utrique
1589 445 1720 487 sexui.
1794 450 1908 487 Inter
1936 448 2076 488 volan-

393 523 492 561 dum
533 520 650 575 gravi
690 537 786 563 cum
828 522 953 563 sibilo
999 522 1083 562 alas
1113 521 1275 571 vibrat,
1324 531 1369 560 ut
1397 536 1420 561 e
1450 521 1680 577 longinquo
1711 522 1902 564 exaudiri
1930 522 2075 579 possit.

393 597 548 638 Carnes
579 597 863 653 pisculentae,
919 598 1229 639 rancidissimae
1260 608 1302 637 et
1330 596 1374 637 in
1405 611 1555 651 genere
1586 613 1713 639 vorax
1743 611 1784 639 et
1813 598 1945 654 turpis
1976 599 2075 649 avis,

391 672 549 713 saniem
581 673 782 714 continuo
815 690 893 715 ano
924 689 1154 715 excernens
1184 673 1561 714 excrementitiam.
1629 677 1676 714 In
1708 675 1812 714 mari
1842 673 2075 715 Ochotensi

388 759 431 789 et
474 748 583 790 circa
625 749 963 791 Camtschatcam
1003 749 1342 806 copiosissimae,
1403 752 1502 791 dum
1544 749 1589 790 in
1633 750 1868 806 expositam
1900 751 2074 790 farctam

388 840 509 866 avem
538 825 768 867 libidinoso
797 826 960 883 impetu
988 838 1128 875 ruunt,
1162 825 1258 866 telis
1291 826 1434 875 facile,
1467 826 1596 866 etiam
1625 825 1787 866 eminus
1815 825 2074 873 occiduntur;

389 902 458 942 vel
487 918 613 957 quum
642 916 800 957 pennas
832 905 1099 956 abjecerunt,
1143 902 1187 942 in
1218 913 1409 956 angustos
1438 901 1575 951 sinus,
1608 903 1713 949 vada
1744 912 1786 940 et
1815 901 1920 941 ostia
1951 903 2076 940 fluen-

385 988 475 1017 tum
505 976 671 1034 scaphis
701 979 941 1033 compulsae
973 980 1194 1020 recedente
1226 989 1340 1018 aestu
1371 979 1601 1018 caeduntur
1629 977 1788 1017 baculis
1822 989 1864 1017 et
1884 975 2075 1015 manibus

386 1052 618 1108 capiuntur.
676 1055 797 1094 Adeo
828 1069 954 1095 coeca
982 1055 1163 1095 libidine
1195 1053 1416 1108 agitantur,
1446 1064 1491 1093 ut
1521 1052 1554 1093 si
1576 1053 1685 1093 inter
1704 1055 1866 1094 turbam
1898 1051 2076 1092 marium

385 1130 602 1169 femellam
634 1132 740 1171 forte
771 1142 987 1171 natantem
1018 1130 1185 1171 occidas
1204 1161 1214 1180 ‚
1245 1143 1392 1170 omnes
1424 1145 1583 1179 mares,
1617 1145 1743 1170 unum
1773 1140 1867 1185 post
1897 1129 2076 1168 alterum

384 1205 548 1246 occisae
579 1206 787 1246 foeminae
817 1207 1183 1262 supervenientem
1213 1205 1407 1246 occidere
1437 1205 1582 1261 possis.
1661 1208 1765 1246 Sunt
1794 1216 1932 1246 autem
1961 1204 2074 1244 viva-

384 1280 570 1329 cissimi,
621 1294 663 1324 et
692 1281 764 1322 vix
796 1282 980 1323 discusso
1011 1283 1152 1322 cranio
1181 1281 1320 1322 occidi
1355 1292 1538 1337 possunt.
1613 1284 1784 1336 Lanugo
1816 1281 1889 1320 sub
1919 1277 2074 1334 plumis

383 1357 654 1408 mollissima,
702 1369 747 1398 ut
776 1358 848 1398 vix
879 1362 931 1398 A.
965 1357 1157 1400 Cutberti
1186 1359 1321 1398 cedat.

519 1434 695 1473 Des'cr.
756 1436 890 1486 Major
933 1445 975 1473 et
1016 1432 1220 1486 grossior,
1267 1434 1339 1473 sed
1368 1432 1537 1474 brevior
1579 1432 1811 1474 Boschade.
1882 1433 2073 1472 Rostrum

381 1508 535 1558 breve,
566 1507 722 1558 latum,
753 1521 889 1561 ungue
919 1507 1141 1563 insigniter
1175 1523 1392 1557 convexo,
1426 1509 1515 1549 basi
1545 1525 1665 1563 supra
1695 1524 1814 1548 nares
1845 1507 2068 1548 fornicatas

381 1583 508 1640 plano
549 1599 784 1638 assurgens,
833 1582 994 1637 angulis
1036 1582 1236 1637 plurnosis
1265 1599 1285 1622 a
1318 1584 1450 1623 fronte
1489 1585 1541 1624 ad
1582 1599 1698 1624 nares
1728 1582 2044 1624 excurrentibus

385 1661 509 1700 Color
548 1659 670 1700 rostri
707 1659 852 1714 niger,
897 1659 969 1698 sed
1014 1674 1108 1698 area
1152 1658 1346 1714 utrinque
1388 1659 1493 1700 disci
1537 1659 1857 1714 longitudinalis
1888 1657 2069 1708 mollior,

381 1751 476 1776 cum
507 1750 643 1790 ungue
664 1737 809 1788 fulva,
841 1734 1060 1775 includens
1092 1734 1277 1774 medium
1308 1735 1464 1776 discum
1520 1735 1883 1790 longitudinalitcr
1913 1735 2069 1779 album,-

383 1815 558 1853 maxilla
588 1813 751 1865 inferior
781 1822 972 1852 extremo
1000 1810 1136 1860 fulva,
1182 1810 1270 1851 basi
1301 1811 1452 1851 sensim
1483 1812 1705 1851 albescens
1790 1811 1918 1851 Irides
1954 1807 2069 1848 cine-

380 1889 746 1928 nascente-albae.
819 1888 1043 1943 Palpebrae
1083 1886 1413 1942 nigro-ciliatae
1444 1887 1582 1935 albae,
1612 1887 1835 1941 lunulaque
1869 1886 1962 1925 alba
1992 1886 2066 1924 sub

383 1965 519 2013 oculo,
551 1975 772 2005 retrorsum
803 1965 1019 2020 producta.
1079 1964 1235 2018 Corpus
1263 1974 1398 2003 totum
1428 1962 1692 2004 holosericeo
1710 1974 1886 2012 -atruni,
1924 1963 2065 2001 subtus

383 2039 635 2090 exsoletius,
680 2054 800 2095 supra
842 2040 926 2079 alas
969 2053 1065 2078 cum
1108 2038 1248 2092 aliquo
1279 2038 1415 2079 nitore
1446 2039 1572 2079 viridi
1602 2039 1888 2093 violaceoque.
1958 2039 2065 2078 Alae

380 2115 454 2156 vix
483 2114 689 2172 uropygio
718 2115 948 2170 longiores:
977 2118 1148 2168 remiges
1177 2114 1447 2155 secundariae
1487 2133 1528 2155 10
1546 2141 1600 2146 —-
1620 2123 1678 2156 16.
1711 2115 1852 2164 albae,
1885 2113 2063 2154 exterio-

381 2207 444 2232 res
475 2191 594 2247 apice
626 2191 780 2247 nigrae.
839 2192 984 2233 cauda
1015 2189 1283 2240 brevissima,
1327 2190 1616 2246 triangularis,
1661 2191 1803 2246 nigra,
1833 2205 2061 2247 pennarum

387 2285 447 2308 12.
522 2268 675 2309 Pedum
717 2267 866 2323 digiti,
922 2266 1137 2322 tibiaeque
1179 2267 1474 2308 saturatissime
1517 2267 1631 2308 rubri
1661 2267 1837 2317 coloris,
1896 2265 2061 2308 articuli

381 2343 562 2397 puniceo
601 2344 909 2399 nigrescentes,
967 2345 1231 2383 membranae
1262 2344 1412 2384 fuscae.
1456 2370 1512 2376 —-
1556 2346 1822 2385 Foeminae
1861 2355 1902 2384 et
1931 2344 2058 2398 pulli,

384 2418 504 2459 dorso
532 2431 622 2461 toto
652 2420 884 2476 nigricant‚
917 2418 991 2460 vix
1019 2418 1167 2462 areolis
1198 2419 1523 2472 latescentibus,
1561 2432 1652 2462 toto
1682 2435 1853 2476 corpore
1882 2434 1904 2459 e
1933 2416 2059 2472 nigri-
