2175 2931
872 177 1017 202 --,-.
1697 183 1748 221 19
1761 183 1774 210 1

313 274 528 317 Rusticola
558 290 630 316 seu
660 277 852 318 Glareola
882 292 1073 333 pugnax,
1107 277 1257 319 Frisch.
1288 294 1352 320 av.
1384 279 1465 320 tab.
1497 285 1572 320 232
1606 281 1660 321 acl
1691 288 1780 323 235.

372 352 606 393 varietates·
639 354 722 394 tab.
755 361 845 394 236.
882 354 1079 394 foemina.
1147 356 1307 396 Marsil.
1338 355 1487 396 clarzub.
1519 356 1568 396 V.
1599 357 1682 397 tab.
1718 367 1781 409 24.

317 431 486 485 Trynga
516 443 707 484 pugnax,
751 431 930 470 Brisson.
973 445 1057 470 orn.
1100 432 1148 471 V.
1194 447 1234 486 p.
1281 440 1373 482 240.
1412 432 1496 473 tab.
1539 449 1602 472 22.
1625 434 1710 489 fig.
1749 452 1780 475 ι.

371 509 484 552 Mas3
505 506 587 558 fig.
622 522 657 544 2.
690 505 860 545 femina.
917 507 1005 545 Lin.
1036 517 1139 559 syst.
1171 509 1264 546 XII.
1294 509 1326 546 I.
1358 524 1396 564 p.
1430 517 1520 560 247.
1550 524 1610 565 sp.
1651 528 1682 550 1.

316 581 464 629 Ruffe,
498 582 618 620 Penn.
649 581 766 622 Zool.
797 581 888 621 brit.
920 597 958 636 p.
998 589 1083 623 123.
1114 598 1174 638 sp.
1208 590 1244 624 3.
1275 583 1360 624 tab.
1390 586 1438 625 E.
1490 586 1680 626 Latham.
1712 602 1777 628 av.

368 659 415 697 V.
448 673 485 712 p.
525 664 610 707 159.
642 673 679 696 η.
726 674 757 696 1.

313 736 368 773 Pa
399 748 452 773 on
482 733 534 772 de
566 747 680 780 mer,
709 733 925 773 D'aubent.
957 738 1053 789 pict.
1089 734 1173 774 tab.
1206 741 1297 776 305.
1327 751 1426 786 mas,
1459 743 1551 779 306.
1580 736 1776 779 foemina.

203 809 375 851 Rossice
410 810 645 850 Turuchtbn
675 809 742 849 vel
776 809 982 849 Truchtizn
1012 809 1080 849 vel
1109 811 1369 862 Kurochtan,
1414 811 1458 852 in
1489 811 1642 853 Sibiria
1671 815 1778 854 Mor·

257 887 345 926 δὲοὶ
373 886 595 926 Petuschok
626 885 835 937 (marinus
867 885 1054 939 Gallus).

206 961 382 1015 Vogulis
414 971 456 1001 et
486 960 666 1002 Ostiacis
700 963 883 1008 Tuloch,·
925 963 977 1002 ad
1022 964 1185 1018 Narym
1224 964 1449 1005 Keos-sose
1492 963 1546 1014 (i.
1585 979 1622 1004 e.
1661 964 1780 1005 dives

260 1039 468 1092 Trynga).

201 1113 430 1166 Samojedis
460 1114 684 1169 Noi-pitta
714 1112 768 1165 (i.
801 1128 837 1153 e.
876 1114 1179 1167 ruficucullus).

200 1188 405 1242 Tungusis
437 1190 640 1242 ΝοΙῑάΙῑγς
669 1189 852 1229 Lamutis
887 1190 1095 1231 Tsclzek'zk.

201 1262 394 1303 Coraecis
429 1264 648 1320 Tscheje‘ja.

200 1337 531 1380 Carntsehadalis
569 1340 985 1381 Tschehustawatsch.

228 1417 305 1455 Per
334 1429 502 1454 omnem
533 1415 722 1456 Rossiam
751 1428 794 1457 et
824 1416 1020 1457 Sibiriarn
1049 1415 1093 1456 in
1137 1416 1325 1472 aquosis,
1372 1417 1556 1458 maxime
1599 1418 1775 1460 boreali-

87 1492 191 1538 bus,
220 1489 347 1530 immo
381 1506 509 1545 usque
540 1492 590 1531 ad
622 1491 818 1533 arcticarn
848 1493 1041 1548 plagam,
1071 1507 1271 1548 perquam
1302 1493 1482 1549 vulgaris
1512 1506 1596 1544 est,
1630 1495 1777 1549 migra-

89 1566 215 1608 tionis
249 1577 435 1621 tempore
466 1566 589 1606 etiam
621 1567 665 1606 in
695 1567 1061 1623 temperatioribus
1092 1568 1301 1618 occurrit,
1345 1571 1418 1610 sed
1447 1570 1509 1611 ibi
1539 1586 1622 1611 non
1651 1570 1776 1627 proli-

93 1643 199 1683 ficat.
258 1645 305 1682 In
338 1641 629 1683 Camtschatca
661 1658 752 1683 raro
783 1654 993 1698 apparent.
1066 1643 1204 1683 Etiam
1236 1646 1449 1701 Petropoli
1486 1657 1648 1687 tantum
1679 1661 1775 1687 vere

90 1719 261 1767 adsunt,
294 1718 526 1758 transvolae
560 1732 697 1758 versus
728 1718 979 1759 borealiores
1008 1719 1193 1774 paludes.
1265 1723 1402 1761 Mares
1431 1733 1619 1777 tempore
1651 1724 1777 1763 oestri

89 1805 318 1849 pugnantes
363 1794 573 1834 cucullum
617 1794 801 1850 arrigunt
842 1795 1132 1850 plumaceum,
1184 1810 1309 1850 quem
1364 1807 1561 1836 autumno
1607 1797 1696 1837 fere
1740 1812 1778 1837 a·

90 1869 274 1910 mittunt.

227 1946 298 1985 No
311 1956 336 1985 ε.
364 1947 534 1986 Femina
563 1948 702 1987 colore
734 1947 926 1995 sordido,
959 1945 1072 1986 haud
1107 1946 1328 1995 variabili,
1375 1948 1624 2002 defectuque
1654 1949 1775 2002 jubae

88 2020 332 2076 plumae-eae
362 2021 472 2062 circa
504 2023 659 2062 collum
690 2040 711 2063 a
741 2040 849 2064 mare
878 2023 1032 2072 differt,
1064 2035 1109 2063 ut
1140 2034 1251 2063 recte
1282 2025 1584 2064 Brissonius
1615 2035 1656 2063 et
1687 2023 1773 2064 alii.

94 2099 229 2136 Mares
278 2097 485 2137 coloribus
528 2097 586 2138 ita
632 2100 802 2147 ludunt,
846 2110 889 2138 ut
930 2099 1104 2139 difficile
1148 2099 1200 2139 sit
1242 2100 1344 2140 duos
1385 2099 1542 2139 similes
1572 2099 1776 2141 invenire.

95 2172 346 2228 Praecipuae
380 2173 605 2213 l‘arietates
633 2185 750 2213 sunt:
791 2174 939 2227 quibus
979 2175 1163 2213 cucullus
1194 2173 1400 2222 sericeus,
1445 2175 1777 2226 violaceo-ater,

88 2247 202 2288 luteo
221 2280 230 2297 ,
278 2249 426 2288 albove
458 2248 525 2288 vel
557 2263 704 2303 gryseo
735 2249 866 2304 magis
897 2248 1085 2289 minusve
1129 2251 1379 2298 maculatus3
1423 2250 1625 2305 quibusve
1654 2252 1776 2307 plane

89 2324 234 2379 niger,
267 2324 333 2364 vel
362 2325 531 2364 tandem
563 2325 714 2378 qulbus
744 2325 867 2380 plane
898 2336 940 2365 et
971 2340 1063 2367 curn
1095 2325 1232 2381 capite
1264 2326 1409 2375 albus,
1439 2327 1507 2367 vel
1536 2327 1661 2367 nullis
1692 2343 1774 2368 ma-

89 2399 219 2448 culis,
249 2400 315 2441 vel
345 2400 520 2456 sparsis;
560 2399 696 2442 ethis
731 2416 896 2457 quoque
941 2416 1090 2457 corpus
1123 2416 1295 2457 gryseo,
1341 2402 1527 2459 pallido,
1572 2402 1774 2460 nigroque
