2175 2931
394 154 482 200 278
1163 157 1310 184 ===

386 272 499 309 tata;
531 259 739 300 inferioris
769 258 949 299 lamellis
984 257 1125 299 medio
1155 256 1300 298 divisis
1334 257 1419 297 fere
1445 256 1628 312 triginta.
1688 258 1857 298 Plumae
1884 259 2079 301 frontalcs

392 337 502 377 circa
537 347 711 376 rostrum
741 333 1007 375 semicirculo
1045 333 1308 374 terminatae.
1380 335 1507 374 Irides
1536 335 1696 373 rubrae.
1770 335 1892 374 Color
1935 334 2076 376 incon-

390 412 690 457 stantissimus,
762 421 805 450 et
845 421 1010 465 praeter
1051 409 1271 450 varietates
1317 410 1559 451 Edwarclsio
1598 408 1847 457 delineatas,
1918 422 1959 451 et
2000 427 2074 467 pro

389 486 563 528 diversis
603 484 821 541 speciebus
851 486 954 526 falso
992 485 1175 536 habitas,
1236 485 1476 526 innumerae
1521 487 1668 525 dantur
1705 486 1825 525 aliae.
1867 511 1922 517 ——-
1963 490 2075 526 Inter

387 562 589 603 masculos
620 561 691 616 qui
722 562 772 601 ad
803 566 976 616 priorem
1007 565 1101 616 (oe.)
1131 561 1299 602 iconem
1329 561 1691 610 Edwardsianam,
1739 561 1903 617 (capite
1934 578 2069 618 prora-

385 653 465 692 que
501 635 804 691 nigricantem,
861 637 936 677 alis
980 637 1130 693 spuriis
1174 636 1655 692 ferrugineo-virgatis)
1701 639 1923 684 accedunt,
1981 649 2073 677 sunt

386 712 536 767 quibus
568 728 660 752 area
690 712 801 752 circa
833 714 975 754 oculos
1006 713 1129 754 latius
1163 714 1278 762 alba,
1338 724 1383 752 ut
1414 713 1484 753 vix
1517 724 1685 767 angusta
1714 713 1825 752 linea
1856 714 1967 753 fusca
1997 728 2071 768 per

385 789 587 829 verticem
630 799 835 829 excurrat.
909 791 957 829 In
999 800 1168 845 pectore
1214 790 1329 829 color
1369 788 1486 843 niger
1532 803 1652 843 saepe
1696 804 1822 843 usque
1854 791 1903 829 ad
1935 789 2073 830 alvum

381 865 637 920 producitur.
696 867 897 905 Rectrices
927 865 1093 905 mediae
1124 880 1244 919 saepe
1276 866 1359 904 fere
1391 867 1449 915 9²².
1481 863 1697 919 proximae
1725 866 1782 904 6”.
1803 870 1870 904 6”’.
1902 864 1946 904 in
1977 865 2072 905 aliis

384 941 549 980 mediae
582 941 656 981 vix
688 941 795 980 ultra
825 941 882 990 4''.
957 941 1213 990 Quibusdam
1259 955 1351 980 area
1390 939 1499 979 circa
1530 939 1671 979 oculos
1701 939 1940 988 cinerascit,
2001 942 2073 980 sed

382 1016 552 1071 occiput
595 1017 735 1056 album
768 1028 810 1055 et
839 1017 1006 1071 plumae
1049 1032 1212 1072 sparsae
1254 1015 1420 1055 intimae
1453 1014 1638 1055 cervicis,
1713 1017 1929 1056 Posteriori
1959 1015 2074 1056 iconi

381 1091 583 1140 similem,
629 1091 673 1131 in
703 1091 897 1131 citeriore
929 1092 1082 1132 Sibiria
1114 1103 1155 1131 et
1186 1090 1333 1132 Rossia
1363 1091 1583 1141 rariorem,
1642 1092 1714 1131 sed
1746 1091 2072 1146 vulgatissimam

378 1166 423 1206 in
465 1166 760 1214 orientalibus,
817 1167 1063 1222 praesertim
1105 1167 1215 1208 circa
1265 1166 1622 1218 Camtschatcam,
1685 1166 1955 1216 varietatem,
2013 1167 2072 1207 ita

378 1241 603 1297 descripsi:
664 1245 799 1298 Caput
830 1255 872 1282 et
901 1247 1052 1285 collum
1080 1245 1198 1293 alba,
1255 1245 1418 1284 macula
1448 1259 1595 1298 magna
1625 1258 1699 1298 per
1730 1258 1845 1283 aures
1875 1242 2069 1297 utrinque

376 1317 517 1372 nigra3
549 1320 744 1358 Infimum
777 1319 936 1359 collum
967 1319 1086 1374 nigro
1118 1331 1396 1373 squamatum.
1456 1321 1634 1359 Dorsum
1663 1329 1796 1358 totum
1828 1329 1867 1358 et
1882 1321 2071 1374 jugulum

378 1395 430 1432 ad
462 1393 650 1432 medium
684 1405 829 1448 pectus
861 1405 978 1440 atra,-
1037 1394 1197 1448 reliqua
1227 1395 1367 1434 subtus
1397 1395 1502 1434 alba.
1577 1396 1681 1434 Alae
1712 1393 1872 1449 spuriae
1903 1409 2068 1449 parvae,

380 1469 475 1509 albo
506 1467 761 1522 variegatae,
806 1467 946 1522 pinnis
991 1468 1215 1522 majoribus
1255 1469 1372 1509 albis.
1447 1471 1552 1510 Alae
1582 1469 1709 1508 etiam
1740 1471 1881 1508 subtus
1910 1469 2066 1522 nigrae,

377 1547 540 1600 speculo
584 1544 723 1597 (quod
770 1542 989 1583 interiores
1033 1544 1211 1598 remiges
1245 1544 1527 1597 constituunt)
1568 1545 1872 1584 brunnescente
1916 1543 2070 1600 (idque

380 1629 618 1660 constanter
648 1618 692 1657 in
723 1618 916 1658 omnibus
959 1618 1270 1673 varietatibus).
1343 1620 1489 1659 Gauda
1520 1619 2069 1667 cuneiFOrmi-acuminata,-

378 1699 562 1736 rectrices
610 1703 668 1744 14.
710 1692 874 1733 mediae
918 1694 1084 1749 nigrae,
1143 1694 1359 1750 proximae
1402 1694 1817 1749 albo-marginatae,
1876 1696 2067 1736 laterales

377 1771 571 1826 utrinque
602 1779 640 1820 4.
673 1770 803 1810 albae.
863 1770 990 1811 Pedes
1020 1769 1157 1810 antice
1187 1770 1650 1818 livido-albescentes,
1694 1771 1901 1822 articulis,
1935 1787 2064 1812 mem-

376 1848 523 1896 brana,
582 1845 782 1901 tibiisque
826 1846 986 1901 postice
1031 1846 1154 1886 fuscis
1185 1848 1254 1901 (²²².)
1339 1847 1502 1886 Pondus
1543 1845 1690 1886 bilibri
1733 1851 1882 1900 majus,
1939 1863 2061 1903 saepe

380 1921 660 1978 sesquitrium.
719 1923 933 1962 Mensurae
963 1924 1018 1962 ud
1048 1921 1299 1977 uropygium
1334 1923 1375 1961 ι’.
1412 1920 1460 1961 1‘'.
1493 1922 1561 1962 3¹⁹.
1595 1921 1714 1962 rostri
1751 1922 1887 1975 1“.7'''.
1919 1923 2063 1963 rectri-

2029 1997 2048 2013 ΙΙ

379 2013 474 2038 cum
503 1998 735 2039 mediarum
767 2001 823 2039 5²².
860 2001 950 2039 11's'.
982 1998 1217 2038 lateralium
1248 1997 1305 2037 2²¹.
1343 1996 1404 2037 1‘''.
1436 2012 1709 2053 expansarum
1741 1998 1897 2038 alarum
1929 2004 1975 2038 2'.
2007 2016 2027 2039 2
2050 2029 2061 2039 .

427 2147 483 2191 (³²)
514 2147 593 2179 Alia
619 2147 763 2180 varietas
795 2147 880 2179 mihi
911 2150 946 2180 in
974 2149 1114 2181 schedis
1142 2149 1349 2191 descripta:
1404 2160 1500 2194 prora
1528 2152 1631 2190 tota,
1686 2160 1799 2192 usque
1826 2149 1871 2181 ad
1899 2153 2064 2182 ventrem

500 2210 718 2250 nigerrima,
774 2220 848 2241 area
877 2210 1067 2242 oculorum
1097 2211 1140 2241 ad
1174 2214 1330 2242 rostrum
1360 2221 1471 2253 usque
1499 2210 1572 2242 late
1599 2210 1705 2251 alba,
1761 2213 1800 2242 ut
1828 2214 1996 2252 angustus
2026 2212 2062 2241 in

502 2268 620 2300 fronte
652 2268 802 2301 isthmus
831 2272 930 2311 niger
958 2273 1123 2313 supersit.
1178 2269 1334 2303 Rana-es
1363 2271 1500 2302 mediae
1527 2269 1549 2303 8
1576 2270 1762 2313 pollicum.
1817 2273 1892 2311 Jis,
1934 2270 2062 2313 quibus

508 2339 617 2371 prora
645 2329 739 2369 alba,
771 2333 982 2370 praewrtim
1013 2329 1306 2370 (amisthaticis,
1337 2331 1416 2363 alae
1445 2333 1583 2374 spurIae
1612 2341 1749 2373 pennae
1777 2334 1917 2364 tantum
1945 2329 2060 2368 albae,

508 2389 686 2420 interdum
716 2400 815 2431 nissi„-
851 2395 1030 2433 rigatae,
1062 2392 1123 2423 sed
1153 2393 1254 2423 uuila
1283 2391 1462 2434 ferrugine
1489 2393 1718 2434 marginatae.
