2175 2931
882 190 1024 214 Ξ
1709 182 1792 229 189

331 294 499 348 Trynga
529 289 759 345 ferruginea
778 323 787 340 ,
821 294 1030 332 Briznniclz.
1063 293 1205 332 ornith.
1236 307 1270 331 n.
1309 296 1397 333 180.

333 370 400 408 An
438 370 604 422 Trynga
643 365 877 407 islandica?
937 370 1025 408 Lz'n.
1065 379 1168 422 ςγδι.
1200 368 1375 408 addend.
1406 366 1473 407 ad.
1504 366 1598 408 Vol.
1627 366 1659 404 I.
1690 373 1795 419 part.

390 461 424 483 2.
455 443 567 482 Edu.
598 443 692 482 XII.

336 522 402 559 An
435 518 640 573 Scolopax
671 518 881 559 borealis?
914 520 1081 560 Fors-ter.
1115 531 1194 560 act.
1226 522 1336 574 angl.
1368 520 1498 558 LXH.
1532 533 1569 574 p.
1594 523 1795 568 411.431.

338 597 506 649 Trynga
548 594 819 648 subarquata,
879 596 1085 636 Gulclensc.
1132 597 1236 637 Nov.
1283 598 1397 637 Com.
1433 596 1539 635 Petr.
1570 597 1650 635 vol.
1682 593 1797 632 XIX.

390 670 469 709 tab.
513 686 571 720 19·
604 685 639 724 p,
675 678 767 720 471.

250 749 299 786 In
341 744 604 800 salsuginosis
648 744 803 785 deserti
845 745 1009 786 tatarici
1054 758 1097 787 et
1139 747 1249 788 circa
1291 762 1403 788 mare
1444 745 1632 803 caspium
1669 757 1798 785 verno

116 834 302 878 tempore
332 820 547 863 turmatim
577 833 773 877 apparet3
829 833 871 861 et
900 823 1037 862 denuo
1068 822 1111 862 in
1143 823 1292 879 apricis
1322 823 1558 872 Dauuriae,
1603 823 1713 863 circa
1744 819 1801 859 la-

116 914 240 939 cunas
269 899 391 939 salsas
421 898 613 951 frequens
643 896 751 937 mihi
781 898 1008 938 observata.
1079 902 1220 954 Usque
1251 900 1303 939 ad
1335 899 1439 950 Maii
1467 900 1591 938 finem
1622 897 1683 937 ibi
1713 909 1800 950 gre-

117 973 230 1028 garia
260 985 430 1029 vagatur
460 973 614 1013 deinde
654 972 727 1013 vix
759 985 962 1029 apparet,
1009 976 1116 1014 unde
1148 989 1230 1015 non
1262 974 1342 1014 nisi
1372 974 1415 1015 in
1444 974 1682 1015 borealibus
1711 984 1804 1026 pro-

118 1049 276 1090 lificare
307 1049 499 1098 videtur,
543 1060 585 1088 et
626 1047 857 1104 specimina
899 1048 1008 1089 mihi
1039 1065 1060 1090 e
1091 1051 1213 1105 plaga
1258 1050 1411 1091 arctica
1455 1049 1626 1090 omnino
1667 1047 1804 1087 adlata

122 1126 248 1165 fuere.
309 1126 489 1166 Carnem
519 1124 824 1180 sapidissimam
856 1125 1011 1165 mensis
1038 1127 1235 1180 praebet,
1273 1126 1380 1166 nulli
1409 1138 1691 1180 congerierum
1721 1123 1806 1161 lau·

119 1201 171 1240 de
200 1216 419 1241 cessuram.

256 1277 423 1316 Descr.
456 1276 702 1329 Magnitudo
749 1275 913 1325 Sturni,
956 1277 1249 1331 proportiones
1289 1280 1511 1332 Tryngae,
1555 1276 1627 1316 sed
1670 1275 1804 1314 forma

119 1351 235 1392 rostr'·
269 1353 536 1399 subarcuata,
580 1362 624 1390 ut
651 1351 694 1390 in
725 1351 890 1391 Limosa
936 1353 1074 1401 fusca,
1117 1364 1159 1392 et
1190 1368 1212 1391 a
1245 1352 1330 1392 basi
1366 1368 1498 1392 crassa
1538 1351 1659 1390 valde
1691 1351 1805 1389 adte-

118 1439 267 1476 nuata,
302 1426 420 1482 apice
452 1426 663 1482 superiore
694 1426 911 1481 longiore,
943 1427 1212 1468 acutiusculo.
1258 1429 1504 1467 Membrana
1532 1426 1641 1466 inter
1670 1440 1803 1466 ramos

119 1502 318 1542 maxillae
348 1516 475 1556 usque
508 1503 558 1541 ad
588 1502 671 1542 oris
702 1502 852 1542 rictum
882 1504 1018 1552 nuda,
1060 1503 1191 1558 nigra.
1251 1503 1358 1543 Halo
1389 1504 1505 1543 albus
1534 1502 1652 1543 rostri
1684 1501 1804 1543 basin

121 1578 253 1633 cingit
272 1610 282 1627 ,
313 1579 427 1618 fusco
472 1587 706 1632 punctatus.
769 1579 917 1619 Vertex
946 1579 1105 1628 fuscus,
1139 1578 1327 1634 apicibus
1355 1578 1490 1626 cani53
1521 1578 1744 1633 supercilia
1761 1590 1804 1620 et

122 1653 265 1694 cervix
297 1652 528 1706 ferruginea
547 1683 557 1701 ‚
590 1651 817 1692 rhachibus
846 1653 994 1707 nigris,
1029 1654 1146 1703 apice
1176 1654 1458 1709 plumularum
1486 1669 1604 1694 cano.
1662 1656 1803 1710 Palpe-

124 1731 218 1770 brae
249 1730 381 1769 albae.
439 1727 631 1777 Collum,
663 1739 833 1783 pectus,
866 1730 1073 1768 abdomen
1103 1740 1281 1768 saturate
1313 1730 1570 1784 ferruginea,
1601 1741 1745 1785 pectus
1762 1741 1806 1770 et

124 1807 329 1845 abdomen
361 1803 503 1843 limbis
533 1803 767 1857 plumarum
799 1804 963 1844 albidis.
1021 1805 1197 1844 Dorsum
1228 1804 1459 1844 virescente
1478 1831 1490 1835 -
1510 1804 1686 1858 nigrum,
1720 1820 1806 1844 ma-

125 1880 228 1921 culis
261 1879 456 1928 alternis,
489 1879 660 1933 alaeque
690 1879 853 1935 spuriae
883 1880 1020 1920 fasciis
1051 1879 1322 1935 ferrugineis,
1357 1879 1474 1934 apice
1505 1880 1637 1920 albae.
1706 1881 1806 1922 Uro-

126 1960 298 2012 pygium
329 1955 470 2003 fusco,
503 1955 682 2008 alboque
714 1955 888 1996 varium.
957 1957 1062 1996 Alae
1092 1955 1181 1995 basi
1211 1955 1522 1995 cinerascente-
1541 1956 1704 2005 fuscae,
1750 1956 1806 1998 al-

127 2032 228 2071 bido
259 2031 597 2084 subsquamatae,
631 2032 771 2070 subtus
803 2032 934 2071 albae.
983 2032 1185 2072 Tectrices
1215 2032 1352 2070 fuscae
1383 2033 1576 2086 (praeter
1607 2031 1806 2083 extimas)

127 2106 245 2161 apice
277 2106 422 2151 albae,
453 2105 622 2159 strigam
653 2121 727 2161 per
757 2107 840 2146 alas
871 2106 1070 2147 efficiunt.
1127 2109 1316 2162 Remiges
1345 2108 1510 2156 fuscae,
1543 2122 1684 2147 omnes
1716 2107 1806 2148 rha-

127 2180 198 2222 chi
231 2180 396 2229 albida,
431 2187 453 2220 6
485 2181 536 2219 ad
567 2195 629 2220 20.
663 2181 869 2220 exteriore
900 2196 1000 2228 ora,
1030 2181 1286 2236 interiusque
1316 2182 1440 2222 latius
1471 2182 1640 2237 oblique
1672 2183 1803 2234 albae,

126 2256 301 2296 intimae
335 2256 577 2310 elongatae,
609 2254 719 2294 linea
750 2256 983 2310 ferruginea
1013 2256 1279 2310 marginatae.
1350 2259 1495 2298 cauda
1534 2259 1717 2312 aequalis
1746 2260 1806 2299 fu-

126 2347 217 2380 sca,
250 2331 442 2371 laterales
473 2330 605 2370 limbo
636 2331 769 2371 albae.
838 2333 1000 2372 Pondus
1045 2340 1084 2374 22}
1127 2332 1261 2372 unciis
1302 2333 1547 2388 plerumque
1577 2333 1702 2389 paulo
1732 2334 1807 2374 mi-

130 2423 216 2448 nus.
291 2408 503 2446 Mensurae
548 2407 597 2446 ad
642 2407 888 2462 uropygiun]
934 2412 992 2449 δ”.
1025 2408 1090 2450 3’”.
1120 2408 1240 2448 rostri
1277 2411 1333 2450 1''.
1364 2412 1435 2459 4'‘'.
1466 2410 1620 2449 caudae
1657 2410 1707 2449 1²⁷.
1738 2413 1806 2461 9⁰¹.
