2175 2931
851 198 995 227 ==
1676 201 1760 241 109

79 304 306 364 quidquam
333 303 611 343 substernunt.
681 288 883 341 Foemina
913 298 975 340 ibi
1006 298 1050 339 in
1080 300 1188 340 nuda
1217 296 1349 339 humo
1380 298 1575 349 incubat,
1619 299 1763 355 pluvia

80 383 206 424 etiam
244 390 513 435 tempestate,
573 388 615 417 et
654 393 739 416 nias
778 376 975 417 excubias
1015 391 1137 432 ‘egens
1168 390 1289 417 canes
1319 387 1361 415 et
1392 374 1585 415 homines
1615 376 1766 430 jacula-

82 461 245 501 bundus
289 467 412 505 arcet,
487 455 580 495 Ova
621 453 797 494 anatinis
844 453 1033 508 aequalia
1076 453 1264 494 olivaceo
1313 466 1480 507 grysca,
1535 452 1769 493 rust-scente

80 546 262 592 guttata,
307 535 389 573 duo
427 545 592 587 semper
621 542 661 571 et
697 529 875 570 totidem
916 529 1036 585 pulli.
1107 531 1290 570 Iuniores
1324 527 1489 578 stolidi,
1537 527 1580 568 in
1616 527 1769 569 Tauria

80 613 318 667 frequenter
356 608 576 665 capiuntur
611 618 833 661 antequam
872 605 1011 645 volare
1049 606 1287 647 didicerunt
1339 617 1381 646 et
1410 604 1613 645 facillime
1656 604 1765 644 cicu-

80 699 245 734 rantur,
286 697 332 726 ut
359 684 569 741 pipientes
599 683 817 724 hominem
847 693 1070 737 sequantur
1099 694 1139 723 et
1170 683 1369 738 pabulum
1398 692 1585 738 poscant.
1658 679 1767 736 Pipie

79 773 169 804 tum
200 763 325 803 istum
353 763 544 803 crebrum
575 761 847 809 continuant,
893 759 1027 799 donec
1057 759 1218 813 plumas
1249 774 1344 800 vere
1375 770 1563 805 mutant3
1610 768 1700 797 tum
1731 771 1770 796 e-

81 839 170 880 nim
207 838 354 895 gruina
388 852 491 878 voce
530 837 731 878 crocitare
770 834 1006 891 incipiunt,
1065 835 1244 885 rariore,
1300 847 1341 875 et
1370 833 1616 891 pracsertim
1657 832 1771 873 edita

83 931 210 972 quum
239 914 402 956 insoliti
432 913 533 969 quid
562 913 776 959 viderint;
813 912 914 953 hinc
945 910 1131 967 optimae
1161 912 1351 952 custodes
1383 922 1424 951 et
1455 911 1680 952 admodum
1712 907 1769 948 vi-

82 991 216 1047 giles,
268 1002 561 1032 extraneorum
600 1003 767 1046 quoque
807 990 1031 1030 adventum
1065 988 1279 1030 nunciant.
1353 988 1575 1029 Caeterum
1604 983 1770 1026 homini

82 1067 144 1108 ita
174 1069 446 1114 adsuescunt,
487 1078 533 1107 ut
560 1067 760 1122 pabulum
791 1080 813 1106 e
844 1080 969 1105 manu
996 1076 1142 1119 petant
1171 1064 1404 1105 famelicae.
1464 1062 1670 1118 Hyemale
1702 1060 1769 1101 fri-

84 1158 157 1199 gus
194 1142 466 1199 impatienter
502 1143 663 1189 ferunt,
717 1152 902 1181 attamen
940 1141 1028 1181 sine
1066 1142 1221 1195 pedum
1265 1142 1469 1181 nudorum
1502 1138 1769 1186 detrimento,

83 1218 185 1260 licet
216 1218 314 1258 inde
345 1219 508 1273 sanguis
538 1218 715 1259 subinde
746 1216 923 1257 stillaret
942 1249 952 1267 ,
1002 1232 1130 1271 usque
1162 1217 1213 1256 acl
1250 1223 1293 1257 15
1325 1216 1472 1270 gradus
1505 1212 1772 1253 Reaumuria-

83 1310 157 1335 nos
187 1294 406 1350 pertulisse
438 1293 540 1334 vidi.
600 1292 832 1347 Frigidiore
865 1300 957 1332 a'ere
990 1292 1172 1331 libenter
1200 1291 1455 1338 insolantur3
1498 1299 1653 1329 aestate
1684 1288 1772 1343 plu-

82 1370 196 1411 viam
233 1382 275 1410 et
312 1383 448 1410 rorem
490 1385 619 1425 aquae
654 1368 914 1409 artificialem
956 1378 1185 1422 expetunt,
1231 1366 1406 1407 humido
1437 1365 1618 1421 gaudent
1647 1374 1689 1403 et
1719 1364 1774 1404 la-

83 1458 195 1487 vant,
256 1449 409 1488 Serena
437 1456 688 1502 tempestate
718 1443 829 1484 inter
857 1458 900 1484 se
931 1443 1055 1483 miras
1090 1442 1263 1484 choreas
1293 1453 1441 1498 agunt,
1473 1440 1667 1496 expansis
1697 1439 1774 1480 alis

83 1522 129 1564 in
164 1522 367 1563 circulum
403 1523 657 1562 desultantes
688 1532 730 1562 et
759 1522 885 1561 modo
927 1535 1130 1561 concursu
1167 1519 1283 1575 quasi
1312 1529 1593 1575 pugnaturae,
1648 1517 1773 1557 modo

86 1599 214 1639 altera
246 1600 418 1639 alteram
451 1597 738 1653 exagitantes,
796 1597 959 1636 ludunt.
1037 1596 1140 1638 Vidi
1171 1596 1300 1637 etiam
1336 1593 1566 1635 solitariam
1596 1592 1641 1633 in
1671 1592 1774 1632 v1lla

85 1676 299 1716 detentam
341 1672 586 1730 praesertim
628 1674 702 1713 sub
746 1686 963 1728 vesperam
1005 1671 1203 1713 choream
1239 1673 1486 1720 saltantem,
1536 1681 1579 1710 et
1609 1679 1774 1725 arrepto

84 1766 333 1806 quocunque
366 1752 533 1804 objecto
563 1749 807 1797 ludentem,
863 1749 978 1802 quod
1007 1748 1051 1787 in
1082 1749 1210 1788 altum
1254 1751 1492 1802 projectum
1528 1757 1660 1786 rostro
1690 1759 1774 1784 sae·

82 1827 176 1883 pius
207 1827 461 1883 excipiebat.
531 1825 682 1867 Adulti
711 1839 844 1864 mares
875 1823 1087 1880 zelotypi,
1140 1824 1317 1864 electam
1349 1820 1594 1878 praesertim
1625 1818 1773 1860 foemi-

85 1919 180 1943 nam
209 1902 517 1951 custodientes,
560 1902 662 1942 licet
692 1901 866 1941 biennes
895 1901 1079 1941 nondum
1110 1897 1411 1955 prolificationi
1441 1896 1542 1954 apti.
1609 1896 1773 1936 Coeun-

84 1989 176 2024 tes,
207 1978 389 2019 foemina
417 1977 611 2035 expansis
643 1976 717 2018 alis
748 1989 790 2019 et
821 1989 994 2018 extenso
1026 1977 1136 2017 collo
1167 1974 1409 2023 decumbit,
1464 1988 1550 2013 mas
1579 1971 1773 2028 expansis

86 2055 189 2095 item
220 2054 294 2095 alis
324 2054 577 2110 supervenit.
637 2058 688 2094 Et
719 2055 870 2095 mirum
900 2057 982 2109 jam
1010 2052 1120 2093 inter
1152 2052 1315 2108 pullos,
1367 2050 1570 2091 foeminas
1601 2050 1772 2089 adsueto

87 2130 261 2171 homine
298 2142 534 2171 transeunte
572 2130 767 2170 similiter
802 2134 883 2184 jam
923 2130 1202 2178 decumbere,
1249 2142 1381 2167 mares
1419 2141 1581 2182 semper
1611 2135 1772 2165 erectos

86 2218 219 2248 rostro
237 2205 407 2252 minari5
438 2207 547 2246 unde
565 2221 684 2246 sexus
701 2209 783 2260 jam
801 2216 898 2245 tunc
916 2203 1105 2259 dignosci
1128 2215 1311 2259 possunt.
1356 2201 1580 2257 Pugnaturi
1603 2201 1686 2241 alas
1704 2214 1774 2240 ex-

86 2284 292 2340 pandunt,
324 2281 487 2337 erigunt
513 2282 668 2323 collum
694 2292 736 2321 et
759 2280 951 2328 sibilant;
984 2280 1144 2336 plumas
1168 2278 1318 2335 capitis
1342 2277 1443 2318 colli
1465 2288 1507 2318 et
1529 2276 1660 2332 juguli
1675 2275 1771 2316 arri-

88 2370 243 2414 gentes.
289 2362 448 2398 Insecta
466 2369 507 2398 et
523 2357 738 2414 quaelibet
752 2356 918 2413 reptilia
935 2357 1139 2411 colligunt
1155 2354 1335 2403 curiose3
1366 2355 1551 2403 lacertas,
1584 2353 1670 2394 imo
1687 2368 1774 2393 mu-

87 2449 151 2477 res
174 2435 354 2486 oblatos,
388 2433 631 2491 praesertim
659 2433 786 2487 vivos,
819 2444 984 2484 vorant,
1024 2443 1258 2489 serpentem
1281 2441 1523 2488 porrectum
1547 2429 1619 2471 diu
1642 2440 1773 2470 rostro
