2175 2931
909 188 1054 213 ΞΕ
1731 187 1814 236 169

136 284 381 342 praesertim
425 282 580 340 Gryllis
624 296 666 325 et
707 285 988 343 Coleopteiis,
1049 287 1154 328 item
1196 289 1381 330 Lacertis
1423 290 1604 333 victitat.
1695 296 1815 337 Vola·

132 372 196 402 tus
226 361 431 410 difficilis,
469 360 650 410 tardior,
700 363 810 402 00110
842 364 1048 412 adtracto,
1088 375 1279 419 porrecto
1308 377 1438 406 rostro
1469 379 1510 407 et
1544 371 1726 410 extensis
1756 386 1815 411 re-

129 447 193 476 tro
222 436 411 492 pedibus.
471 435 779 477 Clfflnosissima
807 437 916 477 inter
946 439 1191 488 volandum,
1234 456 1336 481 voce
1366 442 1551 497 duplici,
1595 445 1721 485 altera
1753 448 1814 486 fis*

130 513 305 552 tulatum
336 513 607 568 productum,
654 511 781 550 altera
812 511 1026 553 hinnitum
1058 515 1163 569 pulli
1198 517 1341 570 equini
1372 518 1592 559 referente.
1650 522 1813 576 Adpro-

126 588 399 643 pinquantem
438 589 538 627 nido
578 585 793 627 hominem
824 587 896 627 diu
927 589 1158 630 vociferans
1200 591 1498 640 circumvolat,
1541 611 1664 651 saepe
1694 597 1811 651 quasi

126 663 169 703 in
201 664 349 703 faciem
378 663 584 703 irruitura.
645 663 776 703 Nidus
806 662 938 710 humi,
969 679 1021 703 ex
1044 665 1184 705 herbis
1214 667 1434 721 congestis.
1497 671 1588 711 Ova
1621 680 1656 713 5.
1689 674 1740 711 ad
1771 679 1808 712 (ἰ.

125 739 235 778 mole
266 738 443 778 anatinis
473 738 587 793 paria
619 739 794 789 (unciar.
827 741 884 789 22¹³)
916 739 1076 789 conica,
1107 741 1605 797 olivaceO-virescentia‚
1638 747 1810 787 maculis

122 814 223 854 raris
254 814 403 863 fuscis3
434 815 605 854 Vanelli
635 814 725 854 ovis
756 813 924 853 similia.

262 891 371 930 Not.
429 892 552 930 Color
580 891 783 930 Alaudae.
842 891 1032 932 Rostrum
1060 904 1105 932 ut
1133 891 1178 932 in
1205 895 1394 935 Tantalis
1423 899 1514 937 Lin
1527 915 1562 939 n.
1594 899 1708 939 sulco
1739 900 1809 939 ob-

124 966 340 1014 soletiore,
401 979 478 1005 nec
521 980 648 1020 usque
690 966 733 1005 in
777 966 940 1022 apicem
986 969 1204 1023 producto.
1278 972 1438 1025 Lingua
1465 975 1589 1028 paulo
1620 974 1808 1028 longior,

122 1058 248 1098 parva
278 1053 417 1081 tamen
449 1043 500 1080 ad
531 1053 727 1087 rostrum,
759 1043 998 1096 pollicaris,
1028 1044 1274 1086 acuminata.
1334 1049 1520 1102 Remigcs
1551 1055 1613 1089 32.
1672 1051 1808 1104 Digiti

120 1119 291 1166 breves,
350 1118 550 1171 unguibus
591 1117 728 1171 parvis
773 1118 1062 1166 acutiusculis,
1121 1121 1262 1160 medio
1302 1121 1390 1160 basi
1429 1124 1561 1163 veluti
1590 1136 1806 1179 quassato:

123 1197 231 1248 plica
263 1193 481 1233 exte1·ior{s
512 1192 635 1246 digiti
666 1192 801 1233 latior.
869 1194 1031 1234 Pondus
1060 1196 1313 1243 subbilibre3
1374 1197 1529 1238 femina
1560 1215 1671 1239 snare
1702 1215 1806 1255 pon—

123 1268 328 1318 derosior,
359 1279 501 1309 contra
530 1282 689 1307 morem
719 1267 869 1307 avium.
934 1270 1067 1309 Coeca
1096 1270 1381 1325 longiuscula3
1413 1279 1543 1326 cystis
1574 1289 1736 1330 magna.

462 1395 575 1438 283.
651 1394 690 1436 N
711 1394 750 1435 U
772 1393 879 1435 ME
900 1393 938 1434 N
960 1393 976 1434 Ι
998 1393 1036 1435 U
1057 1394 1084 1435 S
1158 1395 1467 1453 Plzaeopus.

257 1499 313 1536 N.
357 1495 536 1552 pedibus
578 1482 978 1546 ccerulescentibus,
1045 1511 1217 1552 corpore
1260 1499 1531 1556 scolopaceo‚
1591 1501 1666 1542 alis
1708 1503 1804 1545 albo

122 1571 344 1627 punctatis.
1536 1577 1541 1581 ’

340 1647 558 1705 Phaeopus
586 1665 617 1690 s.
648 1653 833 1705 Arquata
864 1650 1000 1691 minor
1037 1651 1274 1693 Auctorum.

339 1726 573 1766 Numenius
604 1726 761 1776 minor,
794 1729 971 1767 Brisson.
1004 1743 1086 1767 orn.
1119 1729 1165 1767 V.
1195 1745 1234 1782 p.
1266 1736 1358 1781 317.
1390 1731 1472 1771 tab.
1505 1747 1568 1783 27.
1592 1731 1675 1786 fig.
1715 1750 1748 1771 ι.

338 1803 525 1856 Arquata
555 1802 702 1845 minor,
732 1804 924 1843 Edward.
949 1806 1086 1856 glean.
1119 1805 1171 1842 H.
1206 1820 1246 1858 p.
1279 1814 1370 1854 204.
1403 1807 1485 1846 tab.
1519 1813 1610 1861 307.

340 1878 489 1917 Dwarf
513 1878 705 1925 Curlew,
735 1880 927 1919 Pennant.
958 1879 1054 1918 Gen.
1085 1894 1149 1919 αυ.
1181 1896 1220 1935 p.
1251 1880 1334 1920 cab.
1365 1889 1431 1932 40.

342 1951 530 2002 Corlieu,
566 1955 781 1994 D'aubent.
813 1959 896 2010 piel:
927 1954 1009 1994 tab.
1041 1960 1133 2003 842.

343 2027 608 2078 Whimbrel,
640 2032 829 2071 Laeliam.
861 2047 926 2070 αυ.
958 2032 1006 2070 V.
1039 2047 1078 2086 p.
1114 2038 1198 2072 123.
1228 2047 1288 2087 sp.
1321 2040 1359 2074 6.

257 2101 377 2143 Licet
406 2105 591 2158 Arquata
621 2109 751 2159 major
780 2106 824 2146 in
855 2105 1006 2161 apricis
1035 2105 1162 2147 totius
1192 2108 1317 2148 Asiae
1347 2108 1526 2150 borealis
1559 2110 1801 2165 frequentis-

121 2179 224 2218 sima
254 2178 325 2228 sit,
358 2177 463 2219 haec
492 2190 632 2219 tamen
663 2180 824 2228 minor,
869 2180 943 2219 vix
974 2182 1024 2220 ab
1052 2181 1131 2221 ista
1161 2182 1454 2237 distinguenda
1483 2185 1562 2226 nisi
1598 2188 1802 2241 magnitu-

120 2254 219 2294 dine
237 2286 247 2303 ‚
292 2253 459 2294 nonnisi
489 2254 617 2294 rarius
647 2255 900 2295 observatur.
971 2259 1171 2296 Attamen
1202 2259 1415 2314 Petropoli
1444 2272 1486 2300 et
1514 2260 1557 2301 in
1589 2263 1799 2303 australio-

119 2329 232 2370 ribus
250 2330 419 2370 Rossiae
450 2330 558 2371 circa
575 2331 754 2385 Volgam
785 2331 922 2387 aliqua
951 2331 1180 2388 specimina
1209 2334 1508 2377 observavi.—
1538 2339 1802 2379 Gmelinus

121 2420 197 2446 sen.
228 2405 271 2445 in
302 2406 470 2462 regione
499 2407 838 2448 transba'i‘calensi
867 2407 988 2450 vidit.
1060 2409 1284 2452 stellero
1327 2427 1410 2453 non
1439 2415 1654 2455 observata
1688 2414 1802 2469 prius

1313 2504 1362 2528 22
