<?xml version="1.0" encoding="UTF-8"?>
<!DOCTYPE html PUBLIC "-//W3C//DTD XHTML 1.0 Transitional//EN"
    "http://www.w3.org/TR/xhtml1/DTD/xhtml1-transitional.dtd">
<html xmlns="http://www.w3.org/1999/xhtml" xml:lang="en" lang="en">
 <head>
  <title>
</title>
<meta http-equiv="Content-Type" content="text/html;charset=utf-8" />
  <meta name='ocr-system' content='tesseract 3.04.00' />
  <meta name='ocr-capabilities' content='ocr_page ocr_carea ocr_par ocr_line ocrx_word'/>
</head>
<body>
  <div class='ocr_page' id='page_1' title='image "./zoographiarossoa22pall_0111.png"; bbox 0 0 2175 2931; ppageno 0'>
   <div class='ocr_carea' id='block_1_1' title="bbox 120 311 1811 1205">
    <p class='ocr_par' dir='ltr' id='par_1_1' title="bbox 120 311 1811 1205">
     <span class='ocr_line' id='line_1_1' title="bbox 267 311 1807 369; baseline 0.001 -15"><span class='ocrx_word' id='word_1_1' title='bbox 267 313 370 354; x_wconf 82' lang='lat' dir='ltr'>Afra</span> <span class='ocrx_word' id='word_1_2' title='bbox 411 311 497 353; x_wconf 78' lang='lat' dir='ltr'>avis</span> <span class='ocrx_word' id='word_1_3' title='bbox 534 311 578 352; x_wconf 82' lang='lat' dir='ltr'>in</span> <span class='ocrx_word' id='word_1_4' title='bbox 621 311 793 353; x_wconf 79' lang='lat' dir='ltr'>Rossiae</span> <span class='ocrx_word' id='word_1_5' title='bbox 833 312 1040 369; x_wconf 62' lang='lat' dir='ltr'>frigidiori</span> <span class='ocrx_word' id='word_1_6' title='bbox 1070 311 1239 354; x_wconf 73' lang='lat' dir='ltr'>climate</span> <span class='ocrx_word' id='word_1_7' title='bbox 1269 311 1722 369; x_wconf 60' lang='lat' dir='ltr'>neeessar·3012ng11et,</span> <span class='ocrx_word' id='word_1_8' title='bbox 1765 327 1807 356; x_wconf 85' lang='lat' dir='ltr'>et</span> 
     </span>
     <span class='ocr_line' id='line_1_2' title="bbox 125 389 1807 449; baseline -0.001 -18"><span class='ocrx_word' id='word_1_9' title='bbox 125 401 290 449; x_wconf 75' lang='lat' dir='ltr'>praeter</span> <span class='ocrx_word' id='word_1_10' title='bbox 326 389 569 445; x_wconf 87' lang='lat' dir='ltr'>Petropolin</span> <span class='ocrx_word' id='word_1_11' title='bbox 598 400 640 429; x_wconf 91' lang='lat' dir='ltr'>et</span> <span class='ocrx_word' id='word_1_12' title='bbox 676 393 892 431; x_wconf 80' lang='lat' dir='ltr'>Moscnam</span> <span class='ocrx_word' id='word_1_13' title='bbox 930 390 1067 430; x_wconf 70' lang='lat' dir='ltr'>adhuc</span> <span class='ocrx_word' id='word_1_14' title='bbox 1098 406 1186 430; x_wconf 85' lang='lat' dir='ltr'>rara</span> <span class='ocrx_word' id='word_1_15' title='bbox 1217 401 1303 437; x_wconf 84' lang='lat' dir='ltr'>est3</span> <span class='ocrx_word' id='word_1_16' title='bbox 1361 391 1433 430; x_wconf 89' lang='lat' dir='ltr'>sed</span> <span class='ocrx_word' id='word_1_17' title='bbox 1462 390 1506 429; x_wconf 78' lang='lat' dir='ltr'>in</span> <span class='ocrx_word' id='word_1_18' title='bbox 1546 389 1807 431; x_wconf 75' lang='lat' dir='ltr'>Chersoneso</span> 
     </span>
     <span class='ocr_line' id='line_1_3' title="bbox 125 465 1808 521; baseline -0.001 -14"><span class='ocrx_word' id='word_1_19' title='bbox 125 466 283 508; x_wconf 80' lang='lat' dir='ltr'>taurica</span> <span class='ocrx_word' id='word_1_20' title='bbox 314 465 598 519; x_wconf 80' lang='lat' dir='ltr'>vulgatissima</span> <span class='ocrx_word' id='word_1_21' title='bbox 627 477 669 505; x_wconf 85' lang='lat' dir='ltr'>et</span> <span class='ocrx_word' id='word_1_22' title='bbox 698 466 917 506; x_wconf 81' lang='lat' dir='ltr'>foecunda.</span> <span class='ocrx_word' id='word_1_23' title='bbox 976 469 1023 506; x_wconf 89' lang='lat' dir='ltr'>In</span> <span class='ocrx_word' id='word_1_24' title='bbox 1054 466 1228 521; x_wconf 78' lang='lat' dir='ltr'>sylvosis</span> <span class='ocrx_word' id='word_1_25' title='bbox 1259 477 1301 506; x_wconf 84' lang='lat' dir='ltr'>et</span> <span class='ocrx_word' id='word_1_26' title='bbox 1331 465 1657 521; x_wconf 83' lang='lat' dir='ltr'>hortisaprimo</span> <span class='ocrx_word' id='word_1_27' title='bbox 1687 480 1808 506; x_wconf 72' lang='lat' dir='ltr'>mane</span> 
     </span>
     <span class='ocr_line' id='line_1_4' title="bbox 126 541 1809 599; baseline -0.001 -17"><span class='ocrx_word' id='word_1_28' title='bbox 126 541 329 599; x_wconf 76' lang='lat' dir='ltr'>gregatim</span> <span class='ocrx_word' id='word_1_29' title='bbox 365 553 587 581; x_wconf 79' lang='lat' dir='ltr'>excurrunt</span> <span class='ocrx_word' id='word_1_30' title='bbox 616 553 656 581; x_wconf 84' lang='lat' dir='ltr'>et</span> <span class='ocrx_word' id='word_1_31' title='bbox 687 542 842 596; x_wconf 85' lang='lat' dir='ltr'>ubique</span> <span class='ocrx_word' id='word_1_32' title='bbox 872 553 1070 596; x_wconf 79' lang='lat' dir='ltr'>vagantur</span> <span class='ocrx_word' id='word_1_33' title='bbox 1099 542 1257 583; x_wconf 82' lang='lat' dir='ltr'>victum</span> <span class='ocrx_word' id='word_1_34' title='bbox 1288 542 1367 583; x_wconf 86' lang='lat' dir='ltr'>sibi</span> <span class='ocrx_word' id='word_1_35' title='bbox 1396 542 1509 599; x_wconf 81' lang='lat' dir='ltr'>ipsae</span> <span class='ocrx_word' id='word_1_36' title='bbox 1550 552 1809 597; x_wconf 76' lang='lat' dir='ltr'>quaerentes,</span> 
     </span>
     <span class='ocr_line' id='line_1_5' title="bbox 124 617 1807 674; baseline -0.001 -15"><span class='ocrx_word' id='word_1_37' title='bbox 124 618 289 674; x_wconf 82' lang='lat' dir='ltr'>vesperi</span> <span class='ocrx_word' id='word_1_38' title='bbox 332 632 426 657; x_wconf 87' lang='lat' dir='ltr'>cum</span> <span class='ocrx_word' id='word_1_39' title='bbox 469 618 649 657; x_wconf 82' lang='lat' dir='ltr'>clamore</span> <span class='ocrx_word' id='word_1_40' title='bbox 687 619 855 658; x_wconf 87' lang='lat' dir='ltr'>domum</span> <span class='ocrx_word' id='word_1_41' title='bbox 895 619 1083 659; x_wconf 83' lang='lat' dir='ltr'>redeunt.</span> <span class='ocrx_word' id='word_1_42' title='bbox 1158 622 1373 661; x_wconf 76' lang='lat' dir='ltr'>Foeminae</span> <span class='ocrx_word' id='word_1_43' title='bbox 1411 618 1492 659; x_wconf 87' lang='lat' dir='ltr'>sibi</span> <span class='ocrx_word' id='word_1_44' title='bbox 1522 618 1668 658; x_wconf 87' lang='lat' dir='ltr'>nidum</span> <span class='ocrx_word' id='word_1_45' title='bbox 1697 617 1807 658; x_wconf 80' lang='lat' dir='ltr'>inter</span> 
     </span>
     <span class='ocr_line' id='line_1_6' title="bbox 122 692 1807 752; baseline -0.002 -16"><span class='ocrx_word' id='word_1_46' title='bbox 122 706 308 750; x_wconf 74' lang='lat' dir='ltr'>veprem,</span> <span class='ocrx_word' id='word_1_47' title='bbox 341 703 409 732; x_wconf 83' lang='lat' dir='ltr'>aut</span> <span class='ocrx_word' id='word_1_48' title='bbox 440 693 585 733; x_wconf 87' lang='lat' dir='ltr'>densas</span> <span class='ocrx_word' id='word_1_49' title='bbox 615 694 800 748; x_wconf 84' lang='lat' dir='ltr'>altasque</span> <span class='ocrx_word' id='word_1_50' title='bbox 828 692 977 733; x_wconf 89' lang='lat' dir='ltr'>herbas</span> <span class='ocrx_word' id='word_1_51' title='bbox 1007 707 1222 748; x_wconf 80' lang='lat' dir='ltr'>quaerunt,</span> <span class='ocrx_word' id='word_1_52' title='bbox 1255 707 1295 736; x_wconf 80' lang='lat' dir='ltr'>et</span> <span class='ocrx_word' id='word_1_53' title='bbox 1326 694 1506 752; x_wconf 85' lang='lat' dir='ltr'>plurima</span> <span class='ocrx_word' id='word_1_54' title='bbox 1536 709 1615 735; x_wconf 83' lang='lat' dir='ltr'>ova</span> <span class='ocrx_word' id='word_1_55' title='bbox 1646 703 1807 734; x_wconf 86' lang='lat' dir='ltr'>secreto</span> 
     </span>
     <span class='ocr_line' id='line_1_7' title="bbox 123 768 1807 826; baseline -0.002 -14"><span class='ocrx_word' id='word_1_56' title='bbox 123 771 219 812; x_wconf 91' lang='lat' dir='ltr'>loco</span> <span class='ocrx_word' id='word_1_57' title='bbox 248 769 430 825; x_wconf 83' lang='lat' dir='ltr'>pariunt,</span> <span class='ocrx_word' id='word_1_58' title='bbox 461 772 533 809; x_wconf 85' lang='lat' dir='ltr'>sed</span> <span class='ocrx_word' id='word_1_59' title='bbox 564 769 635 809; x_wconf 88' lang='lat' dir='ltr'>vix</span> <span class='ocrx_word' id='word_1_60' title='bbox 665 785 847 824; x_wconf 82' lang='lat' dir='ltr'>unquam</span> <span class='ocrx_word' id='word_1_61' title='bbox 876 769 1077 810; x_wconf 65' lang='lat' dir='ltr'>incubant</span> <span class='ocrx_word' id='word_1_62' title='bbox 1104 770 1238 825; x_wconf 78' lang='lat' dir='ltr'>ipsae,</span> <span class='ocrx_word' id='word_1_63' title='bbox 1268 774 1378 812; x_wconf 84' lang='lat' dir='ltr'>unde</span> <span class='ocrx_word' id='word_1_64' title='bbox 1409 787 1487 812; x_wconf 85' lang='lat' dir='ltr'>ova</span> <span class='ocrx_word' id='word_1_65' title='bbox 1518 768 1686 826; x_wconf 74' lang='lat' dir='ltr'>gallinis</span> <span class='ocrx_word' id='word_1_66' title='bbox 1716 770 1807 809; x_wconf 79' lang='lat' dir='ltr'>sub-</span> 
     </span>
     <span class='ocr_line' id='line_1_8' title="bbox 122 844 1809 904; baseline -0.001 -18"><span class='ocrx_word' id='word_1_67' title='bbox 122 845 225 904; x_wconf 89' lang='lat' dir='ltr'>poni</span> <span class='ocrx_word' id='word_1_68' title='bbox 253 845 388 886; x_wconf 86' lang='lat' dir='ltr'>solent</span> <span class='ocrx_word' id='word_1_69' title='bbox 416 846 554 886; x_wconf 78' lang='lat' dir='ltr'>studio</span> <span class='ocrx_word' id='word_1_70' title='bbox 585 845 831 901; x_wconf 79' lang='lat' dir='ltr'>conquisita.</span> <span class='ocrx_word' id='word_1_71' title='bbox 891 847 1032 886; x_wconf 72' lang='lat' dir='ltr'>Victus</span> <span class='ocrx_word' id='word_1_72' title='bbox 1059 846 1304 901; x_wconf 80' lang='lat' dir='ltr'>praesertim</span> <span class='ocrx_word' id='word_1_73' title='bbox 1336 862 1389 889; x_wconf 74' lang='lat' dir='ltr'>ex</span> <span class='ocrx_word' id='word_1_74' title='bbox 1413 847 1585 887; x_wconf 87' lang='lat' dir='ltr'>Insectis</span> <span class='ocrx_word' id='word_1_75' title='bbox 1609 857 1652 885; x_wconf 85' lang='lat' dir='ltr'>et</span> <span class='ocrx_word' id='word_1_76' title='bbox 1674 844 1809 901; x_wconf 81' lang='lat' dir='ltr'>granis</span> 
     </span>
     <span class='ocr_line' id='line_1_9' title="bbox 125 919 1810 978; baseline -0.002 -15"><span class='ocrx_word' id='word_1_77' title='bbox 125 921 264 963; x_wconf 85' lang='lat' dir='ltr'>variis.</span> <span class='ocrx_word' id='word_1_78' title='bbox 338 920 558 976; x_wconf 82' lang='lat' dir='ltr'>Rigidiore</span> <span class='ocrx_word' id='word_1_79' title='bbox 594 933 736 962; x_wconf 81' lang='lat' dir='ltr'>tamen</span> <span class='ocrx_word' id='word_1_80' title='bbox 773 921 926 978; x_wconf 86' lang='lat' dir='ltr'>hyeme</span> <span class='ocrx_word' id='word_1_81' title='bbox 957 938 978 962; x_wconf 82' lang='lat' dir='ltr'>a</span> <span class='ocrx_word' id='word_1_82' title='bbox 1009 923 1106 977; x_wconf 77' lang='lat' dir='ltr'>gelu</span> <span class='ocrx_word' id='word_1_83' title='bbox 1137 922 1290 977; x_wconf 74' lang='lat' dir='ltr'>digitos</span> <span class='ocrx_word' id='word_1_84' title='bbox 1320 924 1477 978; x_wconf 85' lang='lat' dir='ltr'>pedum</span> <span class='ocrx_word' id='word_1_85' title='bbox 1507 922 1727 970; x_wconf 80' lang='lat' dir='ltr'>amittunt,</span> <span class='ocrx_word' id='word_1_86' title='bbox 1775 919 1810 960; x_wconf 83' lang='lat' dir='ltr'>si</span> 
     </span>
     <span class='ocr_line' id='line_1_10' title="bbox 124 996 1808 1053; baseline -0.001 -14"><span class='ocrx_word' id='word_1_87' title='bbox 124 1013 210 1039; x_wconf 86' lang='lat' dir='ltr'>non</span> <span class='ocrx_word' id='word_1_88' title='bbox 254 997 348 1037; x_wconf 86' lang='lat' dir='ltr'>loco</span> <span class='ocrx_word' id='word_1_89' title='bbox 391 1008 623 1053; x_wconf 79' lang='lat' dir='ltr'>temperato</span> <span class='ocrx_word' id='word_1_90' title='bbox 666 1009 873 1038; x_wconf 79' lang='lat' dir='ltr'>curentur.</span> <span class='ocrx_word' id='word_1_91' title='bbox 942 998 1060 1039; x_wconf 72' lang='lat' dir='ltr'>Alias</span> <span class='ocrx_word' id='word_1_92' title='bbox 1104 997 1369 1039; x_wconf 85' lang='lat' dir='ltr'>vividissima</span> <span class='ocrx_word' id='word_1_93' title='bbox 1413 1010 1454 1039; x_wconf 86' lang='lat' dir='ltr'>et</span> <span class='ocrx_word' id='word_1_94' title='bbox 1497 1000 1664 1039; x_wconf 85' lang='lat' dir='ltr'>robusta</span> <span class='ocrx_word' id='word_1_95' title='bbox 1697 996 1808 1046; x_wconf 67' lang='lat' dir='ltr'>avisg</span> 
     </span>
     <span class='ocr_line' id='line_1_11' title="bbox 123 1073 1811 1130; baseline -0.001 -17"><span class='ocrx_word' id='word_1_96' title='bbox 123 1074 290 1130; x_wconf 84' lang='lat' dir='ltr'>quando</span> <span class='ocrx_word' id='word_1_97' title='bbox 320 1074 449 1113; x_wconf 77' lang='lat' dir='ltr'>semel</span> <span class='ocrx_word' id='word_1_98' title='bbox 478 1074 640 1129; x_wconf 87' lang='lat' dir='ltr'>plumas</span> <span class='ocrx_word' id='word_1_99' title='bbox 670 1073 783 1114; x_wconf 84' lang='lat' dir='ltr'>nacti</span> <span class='ocrx_word' id='word_1_100' title='bbox 813 1086 907 1114; x_wconf 88' lang='lat' dir='ltr'>sunt</span> <span class='ocrx_word' id='word_1_101' title='bbox 936 1074 1063 1129; x_wconf 82' lang='lat' dir='ltr'>pulli,</span> <span class='ocrx_word' id='word_1_102' title='bbox 1095 1089 1184 1114; x_wconf 76' lang='lat' dir='ltr'>raro</span> <span class='ocrx_word' id='word_1_103' title='bbox 1216 1085 1447 1128; x_wconf 80' lang='lat' dir='ltr'>aegrotant.</span> <span class='ocrx_word' id='word_1_104' title='bbox 1479 1100 1529 1105; x_wconf 89' lang='lat'>—</span> <span class='ocrx_word' id='word_1_105' title='bbox 1561 1077 1734 1121; x_wconf 81' lang='lat' dir='ltr'>Carnes,</span> <span class='ocrx_word' id='word_1_106' title='bbox 1766 1082 1811 1112; x_wconf 88' lang='lat' dir='ltr'>ut</span> 
     </span>
     <span class='ocr_line' id='line_1_12' title="bbox 120 1148 1810 1205; baseline -0.002 -15"><span class='ocrx_word' id='word_1_107' title='bbox 120 1152 335 1190; x_wconf 79' lang='lat' dir='ltr'>Pavonum</span> <span class='ocrx_word' id='word_1_108' title='bbox 364 1149 585 1203; x_wconf 79' lang='lat' dir='ltr'>juniorum⁷</span> <span class='ocrx_word' id='word_1_109' title='bbox 618 1161 710 1205; x_wconf 87' lang='lat' dir='ltr'>post</span> <span class='ocrx_word' id='word_1_110' title='bbox 731 1148 982 1189; x_wconf 82' lang='lat' dir='ltr'>Phasianum</span> <span class='ocrx_word' id='word_1_111' title='bbox 1013 1149 1254 1189; x_wconf 80' lang='lat' dir='ltr'>colchicum</span> <span class='ocrx_word' id='word_1_112' title='bbox 1284 1149 1624 1191; x_wconf 64' lang='lat' dir='ltr'>delicatissimae.</span> <span class='ocrx_word' id='word_1_113' title='bbox 1684 1150 1810 1190; x_wconf 81' lang='lat' dir='ltr'>Cerae</span> 
     </span>
    </p>
   </div>
   <div class='ocr_carea' id='block_1_2' title="bbox 120 1223 1100 1281">
    <p class='ocr_par' dir='ltr' id='par_1_2' title="bbox 120 1223 1100 1281">
     <span class='ocr_line' id='line_1_13' title="bbox 120 1223 1100 1281; baseline -0.001 -15"><span class='ocrx_word' id='word_1_114' title='bbox 120 1225 280 1281; x_wconf 85' lang='lat' dir='ltr'>species</span> <span class='ocrx_word' id='word_1_115' title='bbox 308 1223 409 1266; x_wconf 73' lang='lat' dir='ltr'>huic</span> <span class='ocrx_word' id='word_1_116' title='bbox 438 1226 581 1281; x_wconf 80' lang='lat' dir='ltr'>generi</span> <span class='ocrx_word' id='word_1_117' title='bbox 619 1226 751 1273; x_wconf 84' lang='lat' dir='ltr'>adest,</span> <span class='ocrx_word' id='word_1_118' title='bbox 782 1224 826 1264; x_wconf 86' lang='lat' dir='ltr'>in</span> <span class='ocrx_word' id='word_1_119' title='bbox 857 1240 936 1280; x_wconf 85' lang='lat' dir='ltr'>qua</span> <span class='ocrx_word' id='word_1_120' title='bbox 967 1238 1100 1265; x_wconf 78' lang='lat' dir='ltr'>nares.</span> 
     </span>
    </p>
   </div>
   <div class='ocr_carea' id='block_1_3' title="bbox 563 1346 1387 1371">
    <p class='ocr_par' dir='ltr' id='par_1_3' title="bbox 563 1346 1387 1371">
     <span class='ocr_line' id='line_1_14' title="bbox 563 1346 1387 1371; baseline 0 1560"><span class='ocrx_word' id='word_1_121' title='bbox 563 1346 1387 1371; x_wconf 95' lang='lat' dir='ltr'> </span> 
     </span>
    </p>
   </div>
   <div class='ocr_carea' id='block_1_4' title="bbox 556 1457 1367 1684">
    <p class='ocr_par' dir='ltr' id='par_1_4' title="bbox 556 1457 1367 1684">
     <span class='ocr_line' id='line_1_15' title="bbox 745 1457 1164 1511; baseline -0.01 0"><span class='ocrx_word' id='word_1_122' title='bbox 745 1457 1164 1511; x_wconf 86' lang='lat' dir='ltr'><strong>ORDOV.</strong></span> 
     </span>
     <span class='ocr_line' id='line_1_16' title="bbox 556 1609 1367 1684; baseline -0.002 0"><span class='ocrx_word' id='word_1_123' title='bbox 556 1609 1367 1684; x_wconf 73' lang='lat' dir='ltr'><strong>GRALLAE-</strong></span> 
     </span>
    </p>
   </div>
   <div class='ocr_carea' id='block_1_5' title="bbox 762 1787 1173 1807">
    <p class='ocr_par' dir='ltr' id='par_1_5' title="bbox 762 1787 1173 1807">
     <span class='ocr_line' id='line_1_17' title="bbox 762 1787 1173 1807; baseline 0 1124"><span class='ocrx_word' id='word_1_124' title='bbox 762 1787 1173 1807; x_wconf 95' lang='lat' dir='ltr'> </span> 
     </span>
    </p>
   </div>
   <div class='ocr_carea' id='block_1_6' title="bbox 121 1893 1808 2406">
    <p class='ocr_par' dir='ltr' id='par_1_6' title="bbox 121 1893 1808 2406">
     <span class='ocr_line' id='line_1_18' title="bbox 260 1893 1806 1951; baseline -0.002 -12"><span class='ocrx_word' id='word_1_125' title='bbox 260 1898 423 1939; x_wconf 77' lang='lat' dir='ltr'>Grallae</span> <span class='ocrx_word' id='word_1_126' title='bbox 454 1896 580 1938; x_wconf 81' lang='lat' dir='ltr'>etiam</span> <span class='ocrx_word' id='word_1_127' title='bbox 628 1896 822 1938; x_wconf 78' lang='lat' dir='ltr'>Ordinem</span> <span class='ocrx_word' id='word_1_128' title='bbox 850 1895 1039 1937; x_wconf 74' lang='lat' dir='ltr'>efficiunt</span> <span class='ocrx_word' id='word_1_129' title='bbox 1068 1899 1164 1938; x_wconf 70' lang='lat' dir='ltr'>ver‘e</span> <span class='ocrx_word' id='word_1_130' title='bbox 1196 1897 1422 1937; x_wconf 70' lang='lat' dir='ltr'>naturalem</span> <span class='ocrx_word' id='word_1_131' title='bbox 1452 1906 1495 1936; x_wconf 85' lang='lat' dir='ltr'>et</span> <span class='ocrx_word' id='word_1_132' title='bbox 1523 1908 1599 1951; x_wconf 85' lang='lat' dir='ltr'>per</span> <span class='ocrx_word' id='word_1_133' title='bbox 1629 1893 1806 1936; x_wconf 85' lang='lat' dir='ltr'>Otidum</span> 
     </span>
     <span class='ocr_line' id='line_1_19' title="bbox 121 1972 1805 2030; baseline -0.002 -15"><span class='ocrx_word' id='word_1_134' title='bbox 121 1989 246 2030; x_wconf 87' lang='lat' dir='ltr'>genus</span> <span class='ocrx_word' id='word_1_135' title='bbox 277 1975 328 2014; x_wconf 86' lang='lat' dir='ltr'>ad</span> <span class='ocrx_word' id='word_1_136' title='bbox 374 1974 711 2015; x_wconf 80' lang='lat' dir='ltr'>Gallinaceorum</span> <span class='ocrx_word' id='word_1_137' title='bbox 741 1988 812 2013; x_wconf 87' lang='lat' dir='ltr'>seu</span> <span class='ocrx_word' id='word_1_138' title='bbox 854 1972 1183 2013; x_wconf 83' lang='lat' dir='ltr'>Pulveratricum</span> <span class='ocrx_word' id='word_1_139' title='bbox 1222 1972 1476 2013; x_wconf 73' lang='lat' dir='ltr'>affinitatem</span> <span class='ocrx_word' id='word_1_140' title='bbox 1520 1972 1805 2012; x_wconf 83' lang='lat' dir='ltr'>accedentem.</span> 
     </span>
     <span class='ocr_line' id='line_1_20' title="bbox 124 2048 1808 2105; baseline -0.002 -15"><span class='ocrx_word' id='word_1_141' title='bbox 124 2049 373 2105; x_wconf 83' lang='lat' dir='ltr'>Praecipuus</span> <span class='ocrx_word' id='word_1_142' title='bbox 403 2053 488 2104; x_wconf 84' lang='lat' dir='ltr'>ejus</span> <span class='ocrx_word' id='word_1_143' title='bbox 517 2049 732 2090; x_wconf 71' lang='lat' dir='ltr'>character</span> <span class='ocrx_word' id='word_1_144' title='bbox 762 2060 823 2090; x_wconf 85' lang='lat' dir='ltr'>est</span> <span class='ocrx_word' id='word_1_145' title='bbox 852 2051 999 2103; x_wconf 82' lang='lat' dir='ltr'>pedum</span> <span class='ocrx_word' id='word_1_146' title='bbox 1021 2060 1061 2089; x_wconf 83' lang='lat' dir='ltr'>et</span> <span class='ocrx_word' id='word_1_147' title='bbox 1087 2052 1182 2090; x_wconf 83' lang='lat' dir='ltr'>colli</span> <span class='ocrx_word' id='word_1_148' title='bbox 1211 2048 1439 2104; x_wconf 77' lang='lat' dir='ltr'>proceritas</span> <span class='ocrx_word' id='word_1_149' title='bbox 1467 2059 1507 2088; x_wconf 84' lang='lat' dir='ltr'>et</span> <span class='ocrx_word' id='word_1_150' title='bbox 1524 2063 1643 2103; x_wconf 81' lang='lat' dir='ltr'>supra</span> <span class='ocrx_word' id='word_1_151' title='bbox 1676 2063 1808 2103; x_wconf 75' lang='lat' dir='ltr'>genua</span> 
     </span>
     <span class='ocr_line' id='line_1_21' title="bbox 123 2124 1808 2179; baseline -0.001 -13"><span class='ocrx_word' id='word_1_152' title='bbox 123 2126 329 2166; x_wconf 72' lang='lat' dir='ltr'>denudata</span> <span class='ocrx_word' id='word_1_153' title='bbox 348 2127 529 2165; x_wconf 81' lang='lat' dir='ltr'>Femora.</span> <span class='ocrx_word' id='word_1_154' title='bbox 587 2127 743 2165; x_wconf 72' lang='lat' dir='ltr'>Rostris</span> <span class='ocrx_word' id='word_1_155' title='bbox 774 2136 911 2165; x_wconf 84' lang='lat' dir='ltr'>autern</span> <span class='ocrx_word' id='word_1_156' title='bbox 942 2125 1063 2164; x_wconf 72' lang='lat' dir='ltr'>valde</span> <span class='ocrx_word' id='word_1_157' title='bbox 1092 2124 1201 2164; x_wconf 84' lang='lat' dir='ltr'>inter</span> <span class='ocrx_word' id='word_1_158' title='bbox 1227 2140 1269 2165; x_wconf 87' lang='lat' dir='ltr'>se</span> <span class='ocrx_word' id='word_1_159' title='bbox 1300 2125 1539 2179; x_wconf 81' lang='lat' dir='ltr'>discrepant</span> <span class='ocrx_word' id='word_1_160' title='bbox 1567 2139 1730 2179; x_wconf 80' lang='lat' dir='ltr'>genera,</span> <span class='ocrx_word' id='word_1_161' title='bbox 1762 2135 1808 2165; x_wconf 87' lang='lat' dir='ltr'>ut</span> 
     </span>
     <span class='ocr_line' id='line_1_22' title="bbox 124 2199 1806 2255; baseline -0.001 -14"><span class='ocrx_word' id='word_1_162' title='bbox 124 2212 261 2241; x_wconf 85' lang='lat' dir='ltr'>tamen</span> <span class='ocrx_word' id='word_1_163' title='bbox 304 2199 497 2239; x_wconf 80' lang='lat' dir='ltr'>transitus</span> <span class='ocrx_word' id='word_1_164' title='bbox 536 2202 717 2255; x_wconf 85' lang='lat' dir='ltr'>quodam</span> <span class='ocrx_word' id='word_1_165' title='bbox 754 2201 879 2240; x_wconf 80' lang='lat' dir='ltr'>modo</span> <span class='ocrx_word' id='word_1_166' title='bbox 908 2199 952 2238; x_wconf 90' lang='lat' dir='ltr'>in</span> <span class='ocrx_word' id='word_1_167' title='bbox 983 2200 1113 2240; x_wconf 82' lang='lat' dir='ltr'>forma</span> <span class='ocrx_word' id='word_1_168' title='bbox 1142 2216 1164 2239; x_wconf 87' lang='lat' dir='ltr'>a</span> <span class='ocrx_word' id='word_1_169' title='bbox 1195 2200 1403 2240; x_wconf 83' lang='lat' dir='ltr'>conoideo</span> <span class='ocrx_word' id='word_1_170' title='bbox 1445 2200 1620 2240; x_wconf 76' lang='lat' dir='ltr'>otidum</span> <span class='ocrx_word' id='word_1_171' title='bbox 1651 2211 1693 2240; x_wconf 87' lang='lat' dir='ltr'>et</span> <span class='ocrx_word' id='word_1_172' title='bbox 1721 2200 1806 2240; x_wconf 87' lang='lat' dir='ltr'>fere</span> 
     </span>
     <span class='ocr_line' id='line_1_23' title="bbox 124 2274 1802 2331; baseline 0.001 -17"><span class='ocrx_word' id='word_1_173' title='bbox 124 2275 358 2331; x_wconf 80' lang='lat' dir='ltr'>gallinaceo</span> <span class='ocrx_word' id='word_1_174' title='bbox 388 2286 538 2325; x_wconf 87' lang='lat' dir='ltr'>rostro,</span> <span class='ocrx_word' id='word_1_175' title='bbox 578 2290 655 2330; x_wconf 86' lang='lat' dir='ltr'>per</span> <span class='ocrx_word' id='word_1_176' title='bbox 684 2278 813 2315; x_wconf 85' lang='lat' dir='ltr'>Grues</span> <span class='ocrx_word' id='word_1_177' title='bbox 844 2286 885 2315; x_wconf 81' lang='lat' dir='ltr'>et</span> <span class='ocrx_word' id='word_1_178' title='bbox 916 2274 1188 2324; x_wconf 63' lang='lat' dir='ltr'>Clrzrrmlrios,</span> <span class='ocrx_word' id='word_1_179' title='bbox 1233 2277 1284 2315; x_wconf 82' lang='lat' dir='ltr'>ad</span> <span class='ocrx_word' id='word_1_180' title='bbox 1314 2276 1563 2331; x_wconf 87' lang='lat' dir='ltr'>Scolopaces</span> <span class='ocrx_word' id='word_1_181' title='bbox 1595 2286 1802 2331; x_wconf 81' lang='lat' dir='ltr'>appareat,</span> 
     </span>
     <span class='ocr_line' id='line_1_24' title="bbox 123 2350 1805 2406; baseline -0.001 -14"><span class='ocrx_word' id='word_1_182' title='bbox 123 2350 397 2406; x_wconf 63' lang='lat' dir='ltr'>long&#39;ssimis,</span> <span class='ocrx_word' id='word_1_183' title='bbox 446 2350 792 2391; x_wconf 79' lang='lat' dir='ltr'>bacilliformibus</span> <span class='ocrx_word' id='word_1_184' title='bbox 822 2351 962 2392; x_wconf 79' lang='lat' dir='ltr'>rostr&#39;s</span> <span class='ocrx_word' id='word_1_185' title='bbox 992 2350 1233 2401; x_wconf 77' lang='lat' dir='ltr'>instructas,</span> <span class='ocrx_word' id='word_1_186' title='bbox 1279 2351 1469 2406; x_wconf 82' lang='lat' dir='ltr'>qualibus</span> <span class='ocrx_word' id='word_1_187' title='bbox 1501 2351 1662 2391; x_wconf 88' lang='lat' dir='ltr'>nullum</span> <span class='ocrx_word' id='word_1_188' title='bbox 1692 2350 1805 2391; x_wconf 62' lang='lat' dir='ltr'>alssucl</span> 
     </span>
    </p>
   </div>
   <div class='ocr_carea' id='block_1_7' title="bbox 126 2426 1807 2483">
    <p class='ocr_par' dir='ltr' id='par_1_7' title="bbox 126 2426 1807 2483">
     <span class='ocr_line' id='line_1_25' title="bbox 126 2426 1807 2483; baseline -0.001 -15"><span class='ocrx_word' id='word_1_189' title='bbox 126 2426 264 2468; x_wconf 84' lang='lat' dir='ltr'>avium</span> <span class='ocrx_word' id='word_1_190' title='bbox 309 2441 435 2483; x_wconf 82' lang='lat' dir='ltr'>genus</span> <span class='ocrx_word' id='word_1_191' title='bbox 477 2427 713 2482; x_wconf 83' lang='lat' dir='ltr'>praeditum</span> <span class='ocrx_word' id='word_1_192' title='bbox 755 2439 830 2469; x_wconf 90' lang='lat' dir='ltr'>est.</span> <span class='ocrx_word' id='word_1_193' title='bbox 889 2427 1103 2468; x_wconf 71' lang='lat' dir='ltr'>Differunt</span> <span class='ocrx_word' id='word_1_194' title='bbox 1145 2438 1284 2468; x_wconf 77' lang='lat' dir='ltr'>autem</span> <span class='ocrx_word' id='word_1_195' title='bbox 1324 2438 1539 2483; x_wconf 78' lang='lat' dir='ltr'>praeterea</span> <span class='ocrx_word' id='word_1_196' title='bbox 1582 2427 1748 2468; x_wconf 75' lang='lat' dir='ltr'>Grallae</span> <span class='ocrx_word' id='word_1_197' title='bbox 1786 2442 1807 2466; x_wconf 84' lang='lat' dir='ltr'>a</span> 
     </span>
    </p>
   </div>
  </div>
 </body>
</html>
