2175 2931
344 205 429 238 110
1103 206 1250 233 Ε

336 308 382 350 in
407 313 500 350 aera
520 309 724 364 jactitant,
756 309 889 350 donec
911 305 1173 348 exanimetur
1182 324 1194 353 ,·
1223 318 1437 364 practerea
1460 308 1697 351 nutriuntur
1717 308 1853 366 granis
1878 308 2018 360 variis,

333 400 456 442 pane,
486 396 589 427 caet.
605 384 859 426 omnivorae.
897 387 1111 438 Vagantur
1125 399 1254 440 usque
1270 386 1323 425 ad
1339 397 1505 426 noctem
1521 397 1563 426 et
1578 398 1676 427 tunc
1692 387 1934 442 praesertim
1953 401 2020 426 ve-

334 473 498 503 nantur.
569 462 816 502 Transvolas
845 475 1098 515 conge-neres
1136 460 1319 502 clamore
1349 461 1553 512 salutant,
1615 474 1658 502 et
1687 474 1786 502 tunc
1816 460 1930 516 ipsae
1960 461 2021 501 in-

335 538 504 594 quietae
533 539 767 578 discurrunt
796 547 839 577 et
867 535 1140 577 volaturiunt.
1169 561 1225 568 --
1253 539 1541 593 Spontaneae,
1596 539 1694 578 dum
1726 548 1924 577 autumno
1954 536 2023 576 vel

338 628 436 654 vere
465 614 667 669 gregatim
701 613 870 663 volant,
921 612 1057 654 aciem
1087 613 1210 669 longa
1238 613 1344 654 serie
1375 615 1545 669 obliqua
1574 614 1807 662 instruunt,
1854 613 1921 652 vel
1951 627 2023 652 cu-

336 705 417 730 neo
448 691 617 738 volant,
658 705 752 730 cum
783 688 983 730 continuo
1014 690 1221 745 clangore.
1254 716 1302 721 —
1360 691 1468 731 Pulli
1498 690 1634 746 primo
1666 704 1772 729 anno
1803 688 1882 729 toti
1912 687 2025 729 cine-

336 765 398 806 rei
416 796 428 814 ,
456 767 600 821 jugulo
630 766 703 806 vix
732 764 966 820 nigricante
984 798 992 812 ‚
1022 764 1199 806 iridibus
1229 765 1379 817 fuscis,
1425 778 1556 807 rostro
1585 766 1746 816 livido,
1789 763 2025 821 superciliis

336 841 621 883 cinerascente
651 842 828 892 albidis,
875 840 988 882 haud
1019 841 1225 892 cristatis,
1270 841 1529 883 inconcinni.
1599 843 1677 882 Sed
1710 841 1900 896 sequenti
1930 850 2025 896 post

334 916 600 960 nativitatem
631 933 730 959 vere
762 918 924 974 plumas
954 918 1230 973 elegantiores
1260 917 1438 959 induunt
1457 950 1466 968 ‚
1511 916 1819 973 leucophaeas,
1851 927 2024 970 tumque

335 993 571 1049 superciliis
609 994 786 1050 prolixis
823 993 991 1035 sericeis
1031 994 1135 1035 albis
1172 993 1328 1034 auritae
1364 995 1591 1043 incedunt,
1651 1004 1692 1034 et
1722 994 1861 1047 jubam
1890 989 2025 1047 juguli

334 1067 496 1123 nigram
532 1070 807 1125 promittunt,
861 1081 1032 1126 propter
1061 1085 1184 1125 quam
1216 1086 1237 1109 a
1268 1070 1442 1124 Kirgisis
1473 1069 1747 1110 orientalibus
1778 1083 1872 1109 caro
1906 1065 2026 1106 aesti-

333 1155 498 1184 mantur
516 1176 525 1194 ,
568 1146 723 1200 partim
752 1147 865 1200 quod
897 1146 1005 1201 apud
1035 1160 1105 1185 eos
1136 1145 1271 1186 minus
1302 1146 1539 1201 frequentes
1569 1156 1689 1195 sunt,
1739 1144 1851 1185 circa
1880 1141 2027 1183 fluvio-

329 1219 391 1260 los
443 1221 652 1271 Ulenstce,
706 1221 942 1262 Jalzscln'baz·
974 1232 1016 1260 et
1060 1222 1220 1262 Ankale
1249 1221 1494 1277 praesertim
1524 1233 1814 1272 occurrentes,
1871 1219 2025 1277 partim

334 1297 644 1351 quod.adultae
675 1307 717 1337 et
747 1298 958 1352 perfectae
989 1296 1251 1337 difficillime
1293 1296 1557 1344 occiduntur,
1627 1296 1736 1338 Hinc
1767 1296 1854 1336 avis
1885 1296 2025 1349 hujus-

332 1371 450 1412 modi
480 1371 663 1426 quinque
693 1372 865 1422 ovibus,
916 1371 1004 1412 imo
1036 1386 1167 1427 equae
1209 1372 1509 1428 aequiparatur.
1579 1374 1683 1412 Sunt
1710 1371 1823 1412 enim
1868 1370 2022 1427 puellis

333 1446 556 1488 ditioribus
587 1446 858 1502 praecipuum
888 1458 1177 1488 ornamentum
1207 1447 1383 1496 mitrae,
1420 1448 1528 1489 colla
1559 1450 1641 1490 duo
1671 1448 1818 1489 harum
1850 1450 2022 1496 Grunm,

334 1538 430 1564 cum
459 1522 566 1576 jubis
596 1521 725 1578 nigris
756 1524 941 1563 detracta
971 1534 1013 1564 et
1044 1539 1164 1579 snpra
1193 1523 1370 1564 bacillos
1399 1524 1567 1572 siccata,
1596 1535 1641 1564 ut
1665 1539 1864 1564 cornuum
1896 1523 2023 1563 modo

337 1598 487 1638 mitrae
518 1597 659 1653 adfligi
689 1598 872 1653 possint,
919 1599 1041 1653 quale
1072 1611 1361 1640 ornamentum
1405 1602 1594 1641 Karkara
1623 1610 1807 1641 vocatur.
1867 1602 2024 1639 Matres

330 1672 452 1729 hujus
481 1674 639 1730 speciei
668 1675 858 1715 exclusos
887 1686 1052 1715 teneros
1082 1675 1218 1730 pullos
1249 1675 1390 1716 statim
1409 1674 1453 1716 in
1479 1676 1581 1716 altas
1610 1674 1762 1717 herbas
1794 1677 2021 1724 deducunt,

330 1761 376 1790 ut
405 1751 513 1790 bene
543 1751 714 1791 lateant.
774 1753 944 1804 Lanugo
972 1761 1071 1791 tnnc
1096 1750 1181 1791 illis
1211 1750 1255 1791 in
1285 1751 1424 1807 capite
1455 1753 1681 1793 flavescens
1710 1751 1876 1807 corpori
1906 1749 2023 1791 cine-

333 1840 522 1875 rascens,
567 1826 792 1881 variegata.
852 1825 1192 1881 Magnitudinem
1223 1826 1344 1868 Gruis
1372 1826 1523 1867 tribuit
1554 1826 1653 1867 huic
1692 1829 1947 1867 Gmelinus
1976 1825 2020 1866 in

331 1901 444 1956 Syst.
476 1917 581 1957 quae
610 1913 773 1942 tantum
803 1901 930 1942 distat
960 1918 980 1941 a
1013 1905 1150 1952 Grue,
1182 1914 1380 1958 quantum
1412 1901 1566 1956 gallina
1595 1918 1618 1942 a
1647 1903 1939 1957 Gallopavone.

468 1978 640 2017 Descr.
672 1978 918 2031 Magnitudo
949 1977 1126 2017 dimidia
1155 1980 1224 2018 Gr.
1254 1982 1448 2031 vulgaris,
1480 1993 1560 2033 qua
1591 1977 1728 2018 adhuc
1759 1976 1953 2032 gracilior
1979 1986 2023 2018 et

329 2051 600 2110 proportione
631 2052 857 2108 procerior.
915 2055 1105 2094 Rostrum
1133 2052 1268 2093 livido
1294 2053 1513 2103 virescens,
1547 2053 1665 2109 apice
1683 2053 1821 2093 lurido
1841 2054 2016 2095 rubente

331 2127 376 2169 in
409 2128 574 2169 adultis.
633 2130 794 2182 Lingua
823 2128 1106 2182 integerrima.
1168 2130 1275 2170 Gula
1304 2140 1391 2169 tota
1421 2130 1636 2186 plumosa,
1667 2144 1802 2184 neque
1832 2133 1920 2170 lora
1951 2130 2020 2169 de-

332 2205 500 2244 nudata.
580 2205 708 2245 Irides
745 2219 839 2244 curn
877 2204 1035 2245 circulo
1075 2205 1318 2245 scleroticae
1351 2206 1466 2246 fulvo
1489 2206 1635 2246 rubrae
1669 2206 1737 2245 vel
1768 2205 2017 2255 corallinae3

333 2282 713 2335 periophthalmium
755 2279 1203 2335 fusco—marginaturn.
1276 2282 1411 2337 Caput
1447 2297 1540 2322 cum
1582 2285 1687 2323 collo
1731 2292 1820 2321 toto
1852 2292 1891 2321 et
1922 2282 2019 2335 juba

332 2354 495 2407 prolixa
534 2356 664 2410 juguli
706 2355 841 2398 nitide
884 2355 1105 2402 aterrima3
1158 2366 1296 2397 vertex
1338 2357 1498 2397 medius
1528 2356 1724 2398 canescit.
1793 2356 2017 2412 Palpebrae

334 2427 429 2469 albo
468 2431 706 2484 plumosae‚
758 2432 946 2487 margine
987 2431 1155 2486 nigrae3
1200 2432 1341 2484 fascia
1370 2433 1421 2473 ab
1452 2432 1584 2473 oculis
1615 2432 1762 2482 nivea,
1822 2430 2014 2486 utrinque
