2175 2931
1112 185 1257 192 ———.

350 176 439 218 334

566 279 711 318 Sterna
742 277 894 328 major,
953 271 1074 311 Penn.
1120 269 1236 309 Zool.
1281 268 1372 309 brit.
1402 284 1441 324 p.
1478 276 1564 319 ¹44·
1600 267 1683 308 tab.
1714 269 1781 307 L*.
1837 269 2028 309 Latham.

627 367 692 391 av.
724 352 791 389 VI.
823 366 862 404 p.
896 354 988 388 361.
1020 363 1057 386 n.
1095 353 1154 396 14.

564 427 729 469 Grande
774 424 1020 464 Hirondelle
1063 424 1115 462 de
1158 436 1268 471 mer,
1326 422 1487 474 Buffon.
1529 436 1614 461 orn.
1647 420 1716 459 VI.
1747 437 1786 475 p.
1821 428 1910 461 203.
1943 421 2027 461 tab.

629 520 686 553 19.
709 503 791 555 fig·
830 519 860 541 1.
893 502 1004 540 VIII.
1037 515 1076 555 p.
1108 504 1200 539 331.
1232 498 1315 538 tab.
1348 515 1411 551 27.
1442 497 1657 537 D’aubent.
1690 500 1786 549 pict.
1819 513 1856 537 η.
1888 502 1980 549 987.

455 579 629 621 Rossice
659 578 928 631 ΖὶῚανεγεεῖιῖῑα
958 573 1153 631 generico
1182 573 1367 614 nomine.

455 654 638 699 Ostiacis
668 671 691 694 a
721 668 823 693 voce
854 664 967 692 recte
997 654 1153 706 Kyrri-
1172 666 1266 698 nar,
1311 650 1379 690 vel
1408 651 1632 705 Kyr-nar,
1676 649 1725 689 it.
1754 651 1906 704 Kyrri-
1925 652 2028 706 njae-

511 750 636 787 rong3
682 732 734 771 ad
764 732 911 785 Surgut
942 730 1060 769 Sirre.

456 808 687 856 Samoiedis
721 807 868 846 Tarbe.

453 884 660 940 Tungusis
694 884 851 923 Tamna
883 885 1022 922 milam.

455 958 788 1002 Camtschadalis
817 957 1199 997 Sihtschatschitsch
1229 966 1271 995 et
1299 956 1516 996 Schischet.

460 1036 657 1078 Coraecis
686 1035 999 1088 Kanytsclzugic.

453 1111 611 1154 Curilis
639 1111 915 1150 Sitschatscha
945 1109 1012 1148 vel
1040 1109 1342 1149 Naatsclzitsch.

482 1192 531 1228 In
558 1198 648 1228 tota
672 1184 819 1226 Rossia
850 1195 892 1224 et
922 1183 1056 1224 Sibira
1086 1182 1442 1238 frequentissima,
1474 1182 1696 1223 maritimis
1723 1182 1879 1239 pariter
1908 1195 2029 1238 atque

346 1262 664 1307 mediterraneis
694 1262 739 1302 in
768 1260 897 1316 aquis.
967 1260 1125 1300 Volant
1162 1274 1237 1315 per
1265 1260 1408 1315 paria3
1467 1259 1655 1299 volantes
1686 1275 1810 1314 aquas
1838 1260 2028 1309 subeunt,

344 1342 423 1383 teli
462 1341 591 1381 instar
630 1337 854 1394 pisciculos
907 1337 1172 1391 jaculaturae.
1262 1336 1354 1375 Ova
1394 1334 1438 1374 in
1481 1334 1663 1375 arenosis
1704 1334 1850 1375 insulis
1893 1336 2029 1375 nudae

345 1417 536 1458 foveolae
579 1415 821 1467 imponunt,
880 1420 902 1453 5
946 1412 1013 1451 vel
1043 1420 1092 1460 4,
1151 1409 1402 1449 columbinis
1443 1409 1585 1464 paria,
1635 1410 1848 1460 olivacea,
1892 1410 2029 1450 lituris

345 1491 489 1540 fuscis,
521 1486 738 1529 rarissimis
768 1500 907 1525 versus
938 1484 1165 1524 acutiorem
1195 1483 1419 1533 verticem,
1459 1486 1644 1538 pondere
1673 1484 1963 1524 drachmarum
1993 1493 2030 1528 5.

346 1569 415 1609 vel
444 1567 564 1606 ultra.
637 1566 685 1602 In
733 1558 1050 1600 mediterraneis
1089 1557 1205 1613 aquis
1244 1561 1413 1598 Sternae
1449 1557 1661 1598 interdum
1691 1558 1736 1598 in
1765 1558 1867 1600 folio
1897 1563 2030 1616 Nym-

346 1643 532 1699 phaeae,
595 1649 793 1692 tanquam
835 1635 880 1675 in
921 1633 1075 1683 insula,
1145 1649 1224 1674 ova
1263 1644 1444 1690 ponunt,
1506 1645 1550 1674 ut
1589 1645 1702 1675 recte
1743 1636 2028 1679 Marsz'lius.

345 1718 528 1760 Adultae
569 1730 644 1771 per
683 1712 799 1768 paria
842 1711 1004 1759 volant,
1050 1721 1093 1749 et
1133 1721 1256 1765 capto
1297 1709 1502 1765 pisciculo
1547 1725 1632 1750 mas
1670 1710 1788 1765 signo
1816 1712 2028 1755 foeminae

348 1796 463 1843 dato,
508 1807 628 1847 supra
658 1804 750 1830 eam
776 1801 906 1843 prope
937 1800 1066 1841 aquae
1097 1784 1357 1840 superficiem
1390 1777 1554 1835 volans,
1598 1788 1795 1841 praedam
1826 1787 2025 1838 demittit,

345 1881 391 1910 ut
419 1869 493 1909 illa
523 1866 719 1923 potiatur.
790 1862 893 1904 Viso
923 1861 1096 1903 homine
1126 1861 1396 1902 clamorosae.
1465 1863 1680 1902 Autumno
1709 1874 1902 1918 parentes
1932 1879 2026 1905 cum

343 1945 463 2002 prole
492 1944 647 1983 volant.

481 2023 594 2060 Not.
627 2016 775 2057 Variat
804 2014 1105 2069 magnitudine:
1135 2013 1388 2054 borealiores
1418 2028 1540 2069 saepe
1570 2014 1677 2055 ultra
1707 2024 1731 2066 4
1759 2015 1901 2057 uncias
1929 2032 2028 2072 pen-

347 2086 470 2146 dent,
501 2091 722 2149 nigredine
754 2090 923 2132 verticis
952 2091 1076 2144 longe
1106 2103 1182 2145 per
1210 2090 1420 2130 cervicem
1451 2091 1747 2131 descendente.
1813 2093 2026 2133 Foemz'nae

347 2184 391 2213 et
419 2175 520 2228 pulli
579 2168 788 2225 syncipite
821 2168 940 2214 albo,
970 2168 1091 2206 dorso
1121 2180 1270 2222 gryseo
1300 2166 1529 2218 nebuloso,
1564 2166 1861 2219 subundulato,
1892 2179 2025 2209 rostro

344 2247 606 2303 pedibusque
637 2242 976 2287 fulvescentibus.
