2175 2931
375 227 463 266 116
1146 239 1290 264 =====

370 341 528 394 plzagus
557 338 703 387 laxus,
734 337 844 394 rugis
874 337 984 378 intus
1014 336 1417 392 longitudinalibus‚
1456 338 1575 381 bulbo
1604 352 1729 379 ovum
1760 338 2046 380 columbinum

371 425 589 469 aequante.
647 417 901 455 Ventriculus
929 412 1164 459 carnosior,
1196 428 1318 467 quam
1347 412 1392 454 in
1409 415 1603 455 Platalea.
1641 413 1888 454 Intestinum
1916 424 1958 465 42}
1975 429 2045 470 pe-

318 512 321 513 r
368 491 493 537 dum3
525 505 644 530 coeca
675 491 757 530 duo
787 489 937 543 exigua
967 490 1087 542 (ΜΨ)
1118 488 1480 544 quadripollicari,
1512 501 1554 530 et
1581 504 1752 530 coecum
1784 488 1918 530 adhuc
1947 506 2044 544 azy-

360 580 446 619 gon
476 564 627 605 exilius
657 567 765 620 (1'''.)
796 564 984 620 bipedali
1015 565 1066 604 ab
1096 579 1175 604 ano
1204 563 1440 606 intervallo.
1514 566 1696 606 Trachea
1735 576 1860 606 recta.
1934 569 2045 606 Inter

364 639 572 694 cystidem
602 641 769 681 fellearn
799 651 841 680 et
870 639 1003 696 hepar
1037 641 1182 680 ductus
1211 639 1523 696 cysthepaticus
1553 640 1739 682 evidens.
1810 642 1948 682 Testes
1976 656 2044 696 cy-

362 715 592 766 lindracei,
625 715 791 757 sinister
820 727 1050 757 antrorsum
1081 716 1296 771 elongatus
1326 727 1368 756 et
1396 728 1628 759 extrorsum
1656 727 1905 758 recurvatus.
1950 717 2045 759 Col-

359 790 392 830 li
421 792 637 832 vertebrae
672 810 685 831 1
694 801 731 844 4.

811 998 1081 1053 XXXVIII.
1148 1001 1192 1052 A
1227 1001 1264 1051 R
1301 1001 1344 1051 D
1383 1000 1423 1051 E
1457 1001 1500 1051 A
1533 999 1584 1050 E.

493 1170 654 1210 Ardeae
685 1167 800 1209 victu
828 1181 869 1209 et
898 1169 1010 1210 vitae
1041 1186 1191 1227 genere
1222 1171 1353 1227 magis
1384 1170 1570 1214 Ciconiis
1611 1184 1734 1226 quarn
1765 1169 1941 1211 Gruibus
1983 1185 2042 1211 as·

354 1245 600 1287 similantur.
674 1243 995 1287 Characteribus
1025 1258 1190 1296 autem,
1235 1263 1336 1302 quos
1382 1247 1426 1288 in
1458 1246 1699 1302 Spicilegiis
1742 1245 1941 1300 exposui,
1987 1247 2038 1286 ab

352 1321 538 1376 utrisque
568 1319 770 1360 differunt
798 1331 840 1359 et
871 1322 1037 1376 egregie
1069 1321 1178 1362 inter
1207 1337 1250 1362 se
1281 1322 1539 1363 conveniunt
1577 1335 1744 1370 omnes,
1786 1330 1832 1359 ut
1874 1331 2038 1376 praeter

357 1397 541 1437 habitum
570 1395 615 1435 in
645 1394 738 1435 aliis
768 1412 940 1445 nanum,
970 1395 1014 1436 in
1043 1397 1253 1452 plerisque
1282 1413 1508 1454 procerum,
1538 1397 1611 1438 vix
1640 1397 1772 1438 ullum
1786 1395 2037 1436 circumcae-

353 1486 467 1513 surae
513 1469 737 1511 discrimen
767 1469 811 1509 in
842 1471 958 1511 omni
988 1488 1160 1513 numero
1191 1472 1424 1528 specierum
1456 1483 1663 1528 appareat.
1731 1472 1851 1512 Licet
1879 1471 2037 1528 aquati-

351 1563 449 1597 cae,
483 1545 696 1587 arboribus
726 1557 866 1585 tamen
896 1546 1079 1588 insidere
1111 1559 1275 1597 amant,
1305 1548 1351 1588 in
1380 1548 1516 1603 iisque
1547 1549 1808 1595 nidulantur,
1838 1562 1942 1597 non,
1972 1546 2035 1588 uti

352 1626 509 1671 Grues,
539 1621 777 1677 geophilae.
834 1623 995 1663 Victum
1024 1634 1165 1663 tamen
1195 1638 1363 1664 omnem
1395 1637 1447 1663 ex
1479 1622 1595 1678 aquis
1625 1633 1775 1679 petunt
1790 1634 1832 1663 et
1855 1621 2034 1679 piscium

348 1710 442 1739 sunt
467 1698 726 1754 jaculatores.
799 1701 897 1739 Non
928 1699 1052 1754 plane
1082 1698 1253 1754 quidem
1283 1711 1421 1740 mutae
1452 1710 1569 1748 sunt,
1601 1710 1646 1739 ut
1676 1697 1897 1748 ciconiae,
1928 1710 2033 1739 atta-

346 1789 445 1814 men
475 1773 610 1814 minus
639 1774 829 1822 vocales,
861 1789 985 1829 quam
1015 1777 1170 1823 Grues,
1202 1775 1418 1831 minusque
1455 1774 1679 1831 gregariae.
1751 1775 1908 1814 Volant
1948 1790 2033 1816 non

346 1860 520 1890 extenso
550 1850 686 1899 collo,
730 1860 776 1890 ut
805 1851 959 1902 Grues,
1004 1852 1076 1892 sed
1105 1853 1157 1893 ad
1187 1852 1381 1892 humeros
1411 1861 1604 1892 retracto.
1674 1848 1859 1904 Migrant
1893 1849 2031 1890 solita-

343 1924 427 1966 riae
459 1939 512 1966 ex
546 1936 695 1967 austro.

776 2051 889 2105 245.
980 2051 1020 2093 A
1042 2051 1080 2093 R
1101 2050 1143 2093 D
1164 2051 1202 2093 E
1222 2051 1264 2094 A
1363 2033 1593 2095 cinerea.

478 2156 532 2194 A.
562 2166 735 2208 corpore
765 2168 886 2209 supra
916 2152 1110 2201 cinereo,
1152 2154 1276 2196 crista
1317 2155 1492 2211 bipenni
1523 2155 1787 2211 dependente
1816 2154 2025 2214 fasciaque

343 2228 550 2285 pectorali
579 2228 735 2283 nigris,
768 2228 869 2269 colli
898 2228 1005 2283 jubis
1035 2230 1218 2284 guttatis.

558 2305 699 2345 Ardea
730 2304 886 2345 vertice
917 2304 1037 2354 albo,
1070 2307 1221 2346 Frisclz.
1253 2322 1317 2346 av.
1348 2309 1431 2349 tab.
1479 2324 1565 2360 ¹99·

556 2381 696 2421 Ardea
725 2380 916 2427 cristata,
959 2384 1134 2420 Brisson.
1182 2396 1266 2422 om.
1299 2384 1347 2424 V.
1379 2400 1417 2438 p.
1451 2391 1542 2435 596.
1574 2382 1658 2425 tab.
1701 2390 1765 2426 35.
1808 2384 2020 2426 D'aubent.

616 2460 711 2508 pict.
744 2457 827 2499 tab.
858 2464 949 2510 755.
980 2455 1132 2496 adulta.
