2175 2931
883 184 1026 209 =
1708 174 1789 225 165

116 296 158 327 et
188 284 343 325 victum
374 297 570 340 quaerere
599 283 859 339 praeferant;
909 285 1020 325 unde
1052 294 1094 324 et
1122 284 1277 340 pedum
1306 280 1514 324 diversam
1547 293 1793 326 structuram

113 359 406 417 explicaveris.

540 496 564 517 Ο

541 486 654 528 ..80.
739 483 1169 529 NUMENIUS
1242 485 1368 529 Ibis.

250 591 306 629 N.
337 602 508 644 corpore
538 587 743 638 candido,
772 586 998 642 remigibus
1027 588 1176 644 nigris,
1207 589 1313 634 facie
1347 589 1458 630 nuda
1486 588 1631 639 rubra,
1664 596 1797 628 rostro

112 663 238 706 luteo.

329 739 415 781 Ibis
444 740 636 791 candida,
668 742 848 782 Brisson.
880 756 963 781 orn.
995 742 1043 780 V.
1074 757 1113 796 p.
1146 747 1236 792 349.
1267 757 1327 796 sp.
1365 751 1424 792 ¹4·
1455 752 1566 782 certe
1597 737 1796 781 exclussis

385 816 578 871 plurimis
609 817 866 872 synonymis.
925 818 1086 857 Marstl.
1118 817 1267 858 clanub.
1300 819 1348 858 V.
1380 818 1463 858 tab.

328 893 529 932 Tantalus
567 892 671 942 Ibis,
733 895 823 933 Lin.
855 903 959 947 ,sy-st.
988 894 1084 933 XII.
1114 910 1153 948 p.
1186 902 1276 945 241.
1305 909 1366 948 sp.
1397 903 1434 944 4.
1466 893 1616 934 excluo
1646 905 1797 948 synoy-

383 983 452 1007 mo
484 969 752 1024 Hasselquist.

328 1044 414 1085 Ibis
444 1045 593 1091 blanc,
622 1046 784 1098 Buffon.
815 1061 901 1087 orn.
933 1047 1043 1087 VIII.
1076 1063 1113 1102 p.
1151 1055 1210 1097 14.
1241 1045 1326 1087 tab.
1363 1063 1394 1086 1.
1451 1046 1669 1087 D’aubent.
1699 1048 1797 1100 pict.

387 1136 424 1160 η.
457 1127 478 1161 3
502 1133 548 1171 ’9.

334 1197 543 1250 Egyptian
577 1196 686 1244 Ibis,
716 1199 902 1238 Latham.
931 1214 994 1238 αυ.
1027 1200 1071 1237 V.
1103 1213 1140 1253 p.
1178 1215 1262 1237 111.
1294 1213 1329 1237 η.
1368 1213 1430 1237 10.

250 1272 298 1309 In
330 1270 640 1311 australioribus
671 1271 781 1311 circa
812 1277 988 1312 Pontum
1023 1272 1255 1321 Euxinum,
1288 1273 1340 1312 ad
1370 1276 1506 1326 Tyrae
1536 1272 1576 1311 fl.
1606 1270 1723 1320 ostia,
1753 1280 1800 1311 ut

112 1356 155 1385 et
188 1345 239 1385 ad
271 1360 381 1385 mare
411 1345 610 1401 caspium,
641 1362 723 1387 non
753 1359 893 1387 tamen
924 1349 975 1387 ad
1005 1349 1164 1402 Volgae
1195 1348 1299 1388 ostia
1329 1362 1456 1401 usque
1486 1347 1679 1397 occurrit,
1713 1346 1800 1387 ubi-

113 1436 193 1476 que
225 1421 364 1461 rarior.
435 1423 504 1461 Ad
539 1423 651 1462 lacus
692 1425 842 1479 Sarpae
874 1426 911 1464 fl.
941 1423 985 1463 in
1016 1425 1180 1464 deserto
1210 1423 1352 1478 caspio
1383 1422 1544 1462 eminus
1575 1422 1685 1462 mihi
1713 1421 1800 1462 visa

111 1498 214 1544 fuit,
247 1499 318 1537 sed
349 1509 562 1538 venatores
593 1502 678 1551 ejus
708 1512 949 1555 compotem,
983 1515 1049 1540 me
1080 1501 1217 1540 facere
1247 1514 1330 1539 non
1359 1510 1544 1554 potuere.

251 1574 323 1613 No
337 1584 365 1613 t.
398 1573 632 1614 Falcinello
666 1578 807 1624 major.
875 1577 1038 1615 Ibidem
1068 1576 1330 1629 antiquorum
1363 1588 1385 1613 e
1417 1589 1567 1629 genere
1595 1573 1799 1614 Numeni-

114 1665 233 1691 orum
265 1649 413 1695 fuisse,
457 1664 538 1689 non
569 1665 659 1689 earn
690 1665 815 1705 quam
856 1653 1184 1707 Hasselquist
1229 1649 1469 1705 descripsit,
1518 1666 1705 1706 quaeque
1737 1660 1800 1691 est

112 1727 274 1772 Ardea,
327 1728 521 1779 Egrettae
561 1726 718 1773 affinis,
760 1728 1006 1781 jampridem
1039 1726 1172 1766 didici
1200 1741 1222 1766 e
1252 1725 1392 1766 rostris
1422 1726 1590 1766 Ibidum
1621 1741 1673 1767 ex
1696 1726 1797 1781 ipsis

113 1800 419 1856 Aegyptiorum
452 1801 562 1841 urnis
593 1802 865 1857 depromptis,
896 1817 1067 1856 quarum
1089 1801 1322 1856 complures
1347 1802 1581 1840 asservabat
1612 1803 1798 1842 Muscam

114 1877 362 1917 Seretzissimi
406 1877 662 1934 Principis
703 1879 942 1927 Auriaci,
999 1876 1383 1932 Hagae-comitum
1423 1878 1632 1931 quondam
1663 1876 1798 1932 splen-

114 1953 242 2001 dens,
282 1966 390 1991 nunc
419 1968 441 1991 a
472 1953 602 1993 Gallis
634 1954 871 2010 spoliatum.
930 1955 1079 1995 Forma
1108 1953 1183 1993 illa
1212 1963 1341 1993 rostra
1372 1951 1593 1991 Falcinelli
1623 1963 1800 1994 rostrum

115 2028 166 2067 ad
204 2026 398 2067 amussim
435 2029 627 2070 referunt.
697 2030 822 2071 Tales
858 2029 986 2070 etiam
1027 2028 1259 2071 delineavit
1299 2027 1576 2069 Edwards
1620 2031 1704 2083 (av.
1741 2029 1796 2069 ΙΙ.

116 2103 200 2144 tab.
238 2105 346 2157 105.)

428 2231 540 2273 2281.
615 2229 1049 2273 NUMENIUS
1123 2229 1488 2272 Falcinellus.

249 2336 305 2372 N.
336 2332 443 2373 facie
471 2333 732 2390 pedibusque
763 2332 1184 2388 virescenti-nigris,
1235 2347 1408 2389 corpore
1437 2334 1579 2386 fusco,
1637 2331 1798 2376 sericeo

114 2409 443 2465 splendescente.
