2175 2931
909 180 1060 220 Ξ
1767 195 1821 237 17

136 297 336 343 Urale'nse
364 300 508 353 jugum
534 292 690 337 nullibi
719 296 961 343 observata,
1013 294 1117 336 licet
1145 293 1218 336 vix
1247 307 1368 335 causa
1399 305 1607 350 appareat.
1681 293 1749 335 Sic
1778 310 1818 337 e-

135 375 238 417 tiam
280 374 326 414 in
363 373 518 429 Anglia
557 372 757 413 rariorem
797 387 885 413 esse
929 382 971 412 et
1013 371 1058 411 in
1100 369 1336 411 Sussexiam
1381 371 1606 410 adventare
1652 372 1817 425 quando

134 450 342 492 hordeum
371 449 544 500 seritur,
603 448 783 503 ideoque
821 448 1070 488 Hor-dedam
1103 445 1390 502 (Barleybird)
1422 447 1472 486 ab
1501 445 1651 501 Anglis
1682 447 1822 502 appel-

135 526 240 577 lari,
290 527 342 565 W
347 529 406 566 ill
416 527 574 580 ughbe
584 528 677 582 jus.
723 527 780 580 (ὴ)
812 523 1014 566 Omnium
1054 528 1261 565 Passerum
1289 521 1472 564 maxime
1502 522 1652 564 docilis
1681 521 1819 565 avicu-

136 604 177 645 la
205 614 248 645 et
276 601 505 659 ingeniosa.

558 772 672 821 187.
771 767 1133 812 PASSER
1225 767 1408 825 Spiza.

272 919 316 959 Ρ.
346 917 532 970 bicolor,
579 916 807 973 remigibus
835 915 951 965 basi,
994 915 1322 973 rectricibusque
1353 916 1548 973 utrinque
1577 913 1688 957 binis
1717 911 1825 955 obli·

137 1008 218 1051 qua
248 1009 341 1036 area
371 994 489 1035 albis.

358 1070 560 1124 Fringilla
589 1073 849 1128 Apctorum,
906 1070 1126 1124 Willughb.
1156 1085 1240 1112 orn.
1272 1086 1311 1126 p.
1350 1076 1436 1112 186.
1469 1070 1551 1110 tab.
1583 1074 1647 1119 45.
1668 1069 1752 1122 fig.
1783 1075 1824 1116 4.

411 1146 504 1202 Raj.
544 1162 607 1186 av.
639 1164 677 1200 p.
711 1154 775 1188 83.
819 1146 958 1186 Albin.
997 1151 1060 1185 av.¹
1093 1147 1124 1185 I.
1155 1148 1241 1188 tab.
1273 1153 1338 1187 63.
1370 1160 1470 1186 mas,
1501 1145 1654 1185 Frisch.
1695 1159 1759 1182 αυ.
1789 1143 1823 1182 Ι.

412 1229 508 1259 sect.
546 1237 576 1257 1.
608 1221 691 1257 cab.
731 1239 761 1258 1.
784 1226 867 1271 sig.
905 1215 937 1256 i.
970 1238 1005 1257 2.
1059 1222 1238 1260 Brisson.
1269 1237 1353 1260 orn.
1384 1222 1458 1258 III.
1489 1237 1526 1274 p.
1565 1224 1652 1268 148.
1706 1217 1825 1258 Zool·

412 1292 503 1333 brit.
535 1309 574 1347 p.
611 1299 696 1333 108.
727 1308 788 1348 Sp.
823 1309 858 1332 2.
900 1292 984 1332 tab.
1017 1293 1065 1332 V.
1087 1286 1171 1347 sig'.
1202 1311 1238 1334 2.
1270 1301 1308 1335 3.
1363 1293 1580 1333 D'aubent.
1612 1296 1708 1347 pict.
1741 1291 1826 1333 tab.

386 1376 387 1379 ’
421 1375 485 1418 54.
507 1370 592 1422 fig.
629 1386 660 1408 1.
691 1383 791 1410 mas,

357 1443 562 1499 Fringilla
589 1445 782 1494 coelebs,
842 1445 934 1484 Lin.
975 1453 1079 1498 syst.
1122 1445 1217 1485 XII.
1248 1446 1281 1485 I.
1312 1462 1353 1502 p.
1386 1451 1478 1487 313.
1507 1459 1569 1500 sp.
1602 1450 1640 1487 3.
1697 1443 1826 1484 Faun.

414 1536 474 1561 su.
504 1522 558 1560 II.
591 1527 682 1562 232.
714 1521 798 1561 tab.
832 1538 868 1560 2.
900 1519 1070 1560 femina.

253 1594 426 1639 Rossice
456 1597 597 1638 Sablik
626 1597 694 1636 vel
722 1597 911 1638 Saebliza
941 1595 989 1649 (i.
1020 1611 1056 1638 e.
1088 1595 1253 1651 frigoris
1282 1596 1540 1654 impatiens).

280 1677 358 1714 Per
400 1687 569 1712 omnem
610 1672 802 1713 Rossiam
846 1685 889 1713 et
930 1672 1127 1714 Sibiriam
1171 1673 1377 1723 occurrit;
1434 1673 1480 1715 in
1517 1669 1829 1714 australioribus

143 1749 286 1793 medio
316 1747 476 1804 Aprilis
504 1748 770 1802 transmigrat
798 1759 972 1803 uterque
1003 1763 1123 1789 sexus
1152 1765 1246 1790 cum
1276 1750 1474 1799 Linariis;
1532 1760 1730 1790 autumno
1760 1747 1822 1788 in-

142 1839 208 1869 ter
235 1825 390 1882 primas
420 1822 602 1864 aviculas
633 1825 685 1863 ad
716 1835 897 1864 austrum
934 1823 1129 1865 discedit.
1208 1825 1443 1867 Varietates
1473 1829 1559 1881 ejus
1590 1824 1722 1865 nullas
1753 1822 1826 1864 ob-

145 1901 322 1945 servavi.
381 1903 506 1940 Teste
536 1901 755 1941 Stellero
787 1902 905 1941 deest
933 1899 977 1940 in
1009 1898 1314 1941 Camtschatca.

286 1977 329 2017 Ν
337 1987 398 2017 ot.
445 1977 540 2017 Mas
569 1975 614 2016 in
644 1975 781 2017 nucha
814 1976 923 2032 pilos
954 1975 1115 2030 aliquot
1143 1976 1250 2017 ultra
1277 1977 1440 2033 plumas
1469 1974 1727 2035 prominulos
1757 1971 1828 2014 ha·

145 2058 242 2106 bet,
274 2068 450 2111 quorum
479 2063 522 2094 et
550 2054 651 2095 Lin
664 2069 723 2094 na
739 2069 822 2096 eus
850 2050 1060 2094 meminit.

199 2307 248 2358 (*)
277 2306 444 2351 Fringilla
483 2306 635 2339 Canoria
662 2307 824 2350 (Rossice
863 2303 1079 2345 Kaenorcika]
1106 2310 1141 2341 in
1166 2309 1312 2342 urbibus
1339 2307 1545 2352 hospitatur
1573 2319 1592 2341 a
1617 2308 1823 2352 Tyrolensi-

276 2370 342 2401 bus
370 2369 578 2411 praesertim
606 2369 827 2410 importata,
855 2371 927 2404 imo
960 2370 1100 2415 prolem
1128 2381 1271 2415 quoque
1299 2371 1455 2415 educat,
1483 2375 1520 2405 et
1545 2370 1697 2416 hybrida
1727 2374 1764 2404 ut
1790 2372 1826 2404 in

277 2429 417 2473 rehqua
442 2431 583 2473 Europa
610 2428 790 2473 producit.

1368 2505 1395 2545 3
