2175 2931
398 180 448 221 ¹4
1149 173 1294 200 ===

607 275 775 321 Chloris
818 287 1054 323 auctorum,
1104 272 1321 328 Willughb.
1367 286 1447 313 orn.
1486 287 1524 328 p.
1574 288 1658 324 129.
1703 272 1791 328 Raj.
1833 285 1895 312 av.
1929 285 1966 326 p.
1999 273 2062 311 85.

658 370 694 394 n.
725 363 762 404 4.
810 354 944 395 Albin.
976 367 1038 391 αυ.
1077 351 1105 388 Ι.
1147 349 1228 390 tab.
1258 355 1322 390 58.
1365 349 1514 388 Frisch.
1555 364 1617 388 av.
1647 350 1676 391 I,
1720 357 1812 388 sect.
1852 365 1881 387 1.
1914 347 1994 386 tab
2029 362 2064 386 2.

656 430 730 484 fig.
763 436 798 471 3.
823 439 858 479 4.
894 430 1070 467 Brisson.
1101 440 1182 465 orn.
1212 425 1284 463 III.
1315 440 1352 479 p.
1392 441 1474 475 ¹90›
1506 439 1564 479 Sp.
1597 430 1660 473 54.
1692 422 1816 477 (inter
1846 425 2065 476 passeres).

661 506 776 547 Zool.
808 505 948 545 britan.
982 518 1019 557 p,
1059 518 1143 554 107.
1172 515 1232 555 sp.
1265 507 1300 541 5.
1331 500 1413 540 tab.
1450 500 1499 540 U.
1521 500 1602 553 fig.
1638 505 1674 540 5.

607 581 739 622 Loxia
769 578 963 622 Chloris.
997 579 1084 616 Lin.
1116 586 1207 630 ,ςγδι
1246 576 1336 614 XII.
1366 577 1396 614 Ι,
1430 591 1466 630 ρ.
1499 581 1589 624 304.
1620 590 1678 630 sp.
1713 589 1776 627 27.

608 659 666 696 Le
696 655 887 700 Vertier,
918 652 1134 692 D‘aubent.
1169 656 1260 705 pict.
1294 652 1375 692 tab.
1407 657 1496 704 267.
1517 651 1588 704 fig
1629 666 1662 689 2.

611 734 746 772 Green
778 729 988 770 Grosbeak
1023 730 1210 768 Latham.
1240 729 1307 767 IV.
1339 743 1375 783 p.
1414 733 1487 776 134
1529 741 1564 765 η.
1597 732 1658 766 36.

496 805 669 847 Rossice
699 807 750 846 ad
781 806 952 846 Camam
983 804 1217 859 appellatur
1258 802 1536 845 Tschenarka,
1589 800 1634 841 in
1665 798 1997 841 occidentalibus
2024 813 2066 840 e-

551 881 654 922 tiam
681 882 944 922 Dubonoska.

526 956 757 998 Observavi
786 955 922 1012 primo
951 969 1048 995 vere
1077 953 1120 994 in
1149 953 1276 1009 sylvis
1307 952 1484 994 acerosis
1515 954 1566 993 ad
1597 953 1797 1000 Carnam,
1837 950 2068 1006 Fringillae

389 1031 658 1074 Cannabinae
696 1031 888 1086 gregibus
929 1029 1191 1075 immixtam,
1246 1030 1317 1070 ubi
1355 1030 1483 1071 etiam
1521 1040 1663 1069 cantus
1694 1027 1824 1083 gratia
1853 1026 1897 1066 in
1927 1025 2069 1066 caveis

391 1106 540 1152 alitum
594 1106 691 1149 dein
722 1105 958 1162 Septembri
988 1105 1156 1161 copiose
1186 1104 1230 1144 in
1261 1104 1530 1155 australibus,
1574 1103 1684 1144 inter
1712 1102 1891 1158 Volgam
1921 1113 1963 1142 et
1989 1104 2070 1141 Ta-

388 1187 513 1229 nain,
559 1180 760 1236 gregatim
802 1179 1075 1233 migrantem,
1118 1190 1160 1219 et
1189 1179 1233 1219 in
1264 1179 1368 1220 locis
1399 1180 1565 1220 Carduo
1605 1177 1775 1216 consitis
1810 1175 1963 1231 passim
1992 1175 2068 1231 hy-

391 1256 649 1295 bernantem.
716 1257 763 1292 In
802 1253 953 1292 Sibiria
985 1251 1093 1290 mihi
1124 1266 1333 1304 nunquam
1372 1251 1572 1306 apparuit.
1645 1252 1893 1292 stellerus
1926 1262 2068 1290 tamen

391 1328 555 1368 videtur
585 1341 638 1367 ex
666 1326 810 1366 insulis
841 1324 992 1366 Curilis
1023 1325 1202 1365 adlatam
1233 1325 1510 1381 descripsisse,
1540 1336 1581 1365 et
1609 1342 1684 1382 pro
1719 1328 1856 1366 Antho
1885 1341 1917 1366 s:
1947 1327 2069 1367 Floro

390 1404 564 1446 Bellonii
591 1401 765 1445 habuit,
804 1400 971 1441 iconem
1000 1399 1128 1439 etiam
1159 1400 1255 1440 satis
1287 1402 1523 1456 elegantem
1552 1401 1736 1456 reliquit.
1803 1400 1962 1458 Accepi
1993 1399 2068 1442 eti-

392 1494 459 1522 am
488 1493 510 1520 e
540 1475 830 1521 Camtschatca
860 1486 903 1516 et
931 1474 1075 1515 insulis
1105 1475 1227 1525 Eois,
1259 1475 1519 1518 simillimam
1549 1491 1790 1533 europaeae.

808 1661 1028 1712 XXVIII.
1104 1661 1646 1713 PASSERES.

526 1865 644 1906 Licet
677 1868 890 1906 Passerum
919 1864 1079 1920 species
1110 1864 1328 1904 videantur
1364 1862 1518 1919 ubique
1549 1877 1745 1906 terrarum
1777 1880 1799 1905 e
1834 1866 2063 1920 vegetabili

389 1955 516 1996 regno
548 1942 745 1996 pabulum
774 1938 963 1978 invenire
992 1939 1071 1978 sibi
1102 1954 1245 1994 posse,
1274 1950 1414 1979 tamen
1444 1940 1581 1994 plures
1611 1956 1752 1980 eorum
1781 1941 1824 1981 in
1854 1941 2064 1981 territorio

390 2018 554 2072 Faunae
590 2026 751 2055 nostrae
787 2013 940 2052 locales
978 2028 1064 2053 esse
1107 2015 1384 2053 observantur.
1458 2015 1525 2055 Sic
1562 2017 1707 2070 Spinus
1744 2028 1786 2056 et
1823 2017 2063 2057 Cannabtna

393 2092 592 2131 Uralense
624 2094 789 2144 jugum,
836 2089 1046 2129 Carduelis
1073 2089 1279 2128 Jeniseam
1314 2105 1395 2129 non
1432 2103 1718 2141 excesserunt,
1759 2092 1947 2147 quamvis
1978 2107 2063 2131 om·

395 2166 458 2205 nis
494 2165 644 2205 Sibiria
682 2164 863 2205 Carduos
894 2174 935 2203 et
966 2163 1197 2205 Cannabim
1237 2164 1457 2206 erraticam
1496 2167 1699 2221 proferat;
1750 2168 1894 2208 Passer
1926 2182 2060 2207 roseus

394 2251 510 2280 extra
551 2240 776 2280 Dauuriam
808 2253 887 2278 non
920 2250 981 2278 est
1010 2239 1274 2287 observatus;
1330 2241 1473 2281 Passer
1508 2242 1750 2283 domesticus
1779 2242 1870 2282 loca
1900 2254 2062 2282 tantum

397 2315 500 2368 agris
536 2317 646 2355 culta
682 2313 810 2357 adim
859 2314 1002 2353 Passer
1030 2319 1204 2354 arcticus
1233 2329 1376 2354 zonam
1406 2316 1627 2370 glacialem
1658 2316 1787 2356 nostri
1819 2318 1908 2372 poli
1936 2316 2061 2372 potis-

397 2388 545 2429 simum
575 2389 690 2430 colit.
748 2386 875 2426 Nulla
904 2387 1031 2428 rarior
1058 2387 1103 2428 in
1134 2388 1285 2428 Sibiria
1312 2393 1355 2429 P.
1386 2391 1510 2445 Spiza
1534 2401 1576 2430 et
1604 2392 1919 2448 Montijringilla
1948 2391 2061 2432 nulla
