2175 2931
381 178 470 220 352.
1155 179 1299 206 ===

851 276 1005 329 LXV.
1084 276 1593 331 COLYMBI.

517 507 607 549 Soli
647 507 691 547 in
732 517 820 547 tota
864 507 995 548 classe
1032 505 1269 547 volatilium
1309 506 1509 562 Colymbi
1539 505 1785 548 naturaliter
1814 507 1946 547 cauda
1976 521 2062 546 uro-

374 587 591 642 pygioque
621 595 774 625 carent.
833 584 986 624 Pedum
1018 596 1184 638 quoque
1215 584 1565 633 conformatione,
1625 585 1847 639 digitorum
1882 597 2062 639 praeser-

377 660 456 701 tim
486 659 531 700 in
561 660 780 701 distinctas
819 660 959 700 ovales
996 658 1172 699 laminas
1211 660 1500 710 dilatator-um,
1558 660 1759 715 tibiisque
1788 671 1828 700 et
1859 657 2065 713 unguibus

376 736 544 777 serratis
584 751 704 792 pares
748 751 830 776 non
874 735 1058 783 habent3
1103 746 1146 775 et
1190 735 1292 775 licet
1335 737 1584 790 subanaloga
1628 736 1818 776 obtineat
1863 734 1907 775 in
1950 732 2062 774 Fuli-

374 812 436 853 cis
465 823 506 853 et
537 811 779 868 Phalaropis
823 813 953 852 forma
996 813 1173 867 pedum,
1219 823 1360 851 tamen
1391 811 1458 852 his
1488 811 1742 852 articulatim
1776 811 1909 852 lobati
1937 810 2062 865 digiti

374 888 473 929 satis
503 888 717 929 differunt.
790 892 919 928 Extra
949 903 1096 941 aquam
1128 886 1327 941 Colymbi
1358 901 1522 936 omnes,
1568 889 1621 927 ob
1653 887 1777 927 situm
1807 888 1954 942 pedum
1984 900 2062 926 ano

373 965 613 1020 proximum
641 976 683 1005 et
712 965 916 1005 femorum
947 964 1057 1019 pelle
1088 962 1308 1003 latentium
1342 963 1644 1018 captivitatem,
1675 963 1719 1003 in
1751 974 1939 1003 ventrem
1969 977 2061 1018 pro-

373 1041 596 1090 cumbunt,
640 1055 719 1081 nec
762 1039 843 1080 nisi
884 1040 1125 1090 difficulter,
1173 1049 1215 1078 et
1255 1037 1399 1094 inepte
1441 1039 1486 1079 in
1530 1039 1701 1079 crissum
1743 1037 1874 1079 erecti
1912 1049 1955 1078 et
1985 1037 2060 1078 alis

375 1115 507 1169 adjuti
537 1131 700 1156 currere
729 1127 911 1172 possunt.
964 1119 1200 1155 Vescuntur
1223 1129 1366 1154 omnes
1388 1113 1615 1170 pisciculis,
1646 1126 1688 1155 et
1716 1130 1859 1155 carnes
1878 1113 2059 1154 maxime

372 1190 625 1247 pisculentas
670 1191 842 1233 habent.
930 1193 1073 1232 Rostro
1128 1190 1314 1246 Cepphis
1357 1202 1451 1231 sunt
1492 1190 1700 1231 simillimi
1742 1202 1784 1231 et
1824 1191 2061 1246 plumarum

370 1277 517 1307 natura
547 1268 598 1309 ad
638 1268 874 1324 aquaticam
914 1268 1045 1308 vitam
1084 1266 1407 1322 aptissimarum,
1481 1266 1671 1308 Rutheni
1710 1278 1832 1322 atque
1862 1265 2003 1306 Tatari
2035 1280 2059 1305 e

372 1343 676 1398 Colymborum
720 1345 859 1385 volatu
902 1345 1030 1399 vulgo
1073 1354 1365 1397 tempestatem
1408 1343 1696 1400 praesagiunt:
1756 1358 1808 1382 ex
1853 1357 1900 1381 ea
1943 1341 2058 1382 enim

371 1420 513 1474 plaga,
546 1435 741 1474 quorsum
770 1421 912 1459 volatu
942 1420 1143 1467 tendunt,
1189 1431 1334 1458 ventos
1364 1419 1555 1474 ingruere
1587 1421 1841 1459 observatur.
1903 1416 2056 1458 Certis—

371 1494 477 1534 sima
506 1494 768 1550 experientia
797 1504 839 1532 et
867 1493 955 1548 ipse
985 1493 1185 1548 comperi,
1216 1498 1476 1548 vespertinos
1507 1494 1708 1532 clamores
1739 1493 2056 1548 Colymborun„

371 1569 628 1618 Fulicanmu,
662 1569 917 1623 aliarumque
949 1566 1253 1622 aquaticarum,
1298 1582 1427 1609 verno
1458 1579 1666 1623 tempore,
1703 1579 1868 1624 praeter
1897 1583 2055 1609 morem

369 1643 746 1694 increbrescentes,
790 1654 885 1699 post
915 1657 1079 1683 serenos
1111 1642 1200 1684 dies
1229 1659 1316 1684 sera
1347 1643 1521 1699 frigora,
1555 1644 1641 1684 imo
1672 1643 1789 1684 nives
1820 1656 1862 1684 et
1895 1645 2056 1700 procel·

369 1720 430 1760 las
473 1721 723 1776 portendere
770 1719 814 1759 in
862 1718 1101 1759 crastinum.
1185 1723 1400 1761 Autumno
1451 1735 1544 1761 sero
1587 1719 1812 1774 migrantes
1855 1719 2054 1775 Colymbi

370 1795 539 1851 hyemis
569 1796 837 1836 confirmatae
867 1795 1030 1851 signum
1060 1796 1306 1851 plerumque
1346 1797 1517 1837 dabunt.
1587 1795 1888 1836 Vivacissimae
1919 1807 2053 1836 caete-

368 1887 483 1919 rum,
524 1886 621 1912 cum
664 1871 872 1927 Cepphis,
918 1882 1013 1911 sunt
1054 1887 1171 1919 aves,
1213 1888 1319 1927 quae
1364 1873 1505 1913 multis
1545 1886 1667 1928 saepe
1698 1870 1939 1912 vulneribns
1969 1887 2052 1912 non

367 1949 641 1998 occumbunt,
685 1959 727 1988 et
756 1949 881 1989 modo
913 1963 984 1987 cor
1012 1958 1054 1988 et
1084 1949 1212 2003 pedes
1242 1947 1395 2003 integri
1424 1947 1529 1998 sint,
1562 1949 1744 1988 natando
1775 1959 1817 1988 et
1845 1947 2052 1988 urinando

369 2023 557 2064 venatori
599 2039 641 2064 se
686 2025 914 2064 subducere
957 2038 1040 2063 non
1082 2023 1291 2064 desinunt.
1362 2025 1518 2064 Avium
1565 2024 1846 2079 aquaticarum
1883 2024 2049 2079 plumae

369 2092 656 2154 oleaginosae‚
688 2115 754 2139 me
785 2099 955 2155 quidem
986 2099 1146 2153 judice,
1189 2101 1292 2140 fiunt
1321 2115 1404 2141 non
1434 2102 1484 2141 ab
1514 2100 1686 2140 inuncto
1717 2100 1812 2139 oleo
1842 2100 2049 2155 ampullae

366 2175 574 2232 uroppgii,
604 2190 709 2230 quae
739 2176 837 2216 solis
867 2174 1032 2215 videtur
1060 2175 1309 2230 remigibus,
1339 2175 1664 2230 rectricilmsque
1695 2175 1876 2230 unguine
1907 2190 2050 2215 curan·

368 2251 432 2292 dis
462 2251 692 2300 inservire3
752 2267 846 2293 aves
877 2251 990 2292 enim
1019 2267 1189 2307 quarum
1221 2253 1387 2309 plumae
1418 2252 1542 2292 facile
1574 2252 1820 2299 niadefiunt,
1856 2262 1901 2290 ut
1929 2250 2046 2300 Sitta,

366 2325 482 2374 Pari,
512 2327 677 2379 Sturni,
710 2339 814 2369 caet.
847 2328 987 2368 oleosa
1019 2328 1200 2384 ampulla
1232 2327 1406 2369 mffnime
1436 2339 1591 2369 carent.
1650 2330 1697 2367 In
1728 2326 1930 2382 aquaticis
1958 2326 2046 2381 plu-

367 2415 459 2441 mae
502 2402 639 2457 potius
681 2419 706 2444 a
744 2415 933 2460 suscepta
976 2419 1050 2460 per
1092 2419 1280 2461 scapum,
1337 2403 1425 2446 imo
1464 2419 1538 2461 per
1578 2415 1719 2445 cutem
1758 2403 2042 2443 transsudante
