2175 2931
387 186 477 228 206
1148 193 1294 217 Ξ

525 299 696 340 Descr.
751 296 998 351 Magnitudo
1028 309 1148 351 supra
1177 295 1489 352 praecedente&
1547 296 1738 337 Rostrum
1768 293 1953 350 digitale‚
1985 296 2072 352 pal-

386 374 547 424 lidum,
583 373 702 429 apice
733 373 784 413 ad
820 371 877 413 1‘'‘.
908 372 1052 427 nigro,
1085 370 1296 427 superiore
1326 370 1452 427 paulo
1483 371 1684 428 longiore.
1774 372 1910 428 Caput
1951 387 2071 428 supra

387 451 576 506 nigrum,
609 450 660 488 ad
691 463 806 490 aures
836 447 1031 504 utrinque
1062 447 1226 488 macula
1257 448 1340 488 lata
1367 448 1560 490 candida.
1631 450 1794 490 Collum
1833 459 1969 489 totum
2007 464 2069 489 ru-

386 528 473 567 fum
489 556 501 574 ,
531 529 669 566 cervix
699 524 955 566 fuscescente
986 524 1189 566 admixto.
1257 525 1436 565 Dorsum
1477 536 1520 566 et
1549 529 1639 567 alae
1674 530 1835 580 spuriae
1865 523 2071 579 nigrican-

385 601 469 652 tia‚
501 601 698 657 spadiceo
728 601 852 642 varia.
910 601 1060 643 Subtus
1089 612 1177 642 tota
1206 600 1292 641 avis
1320 600 1483 642 intense
1513 602 1626 652 rufa,
1668 601 1797 642 etiam
1838 601 1968 641 latera
1997 601 2071 642 sub

385 677 475 719 alis.
545 678 651 720 Alae
694 680 827 720 cauda
869 678 1104 734 longiores:
1145 679 1335 732 Remiges
1377 676 1604 719 rhachibus
1637 678 1770 726 albis,
1812 676 2070 732 interiusque

383 769 525 795 versus
553 753 698 805 basin,
729 754 884 796 sensim
914 753 1143 795 latescente
1175 753 1397 806 albedine,
1435 766 1481 796 ut
1515 771 1631 809 17ma
1657 766 1747 796 tota
1775 754 1946 795 tandem
1976 752 2071 793 alba

383 829 463 879 sit3
494 836 678 872 rectrices
707 831 826 888 apice
858 831 1001 882 albae,
1034 831 1204 886 strigam
1234 846 1309 886 per
1337 831 1421 872 alas
1450 831 1651 872 efficiunt.
1717 831 1866 871 subtus
1895 829 1984 869 alae
2014 826 2071 868 ci-

385 921 563 958 nereae,
596 907 803 948 anteriore
833 906 1019 962 margine
1049 907 1164 948 fusco
1194 908 1373 964 alboque
1411 907 1564 948 variae.
1635 907 1782 948 cauda
1825 906 2070 955 rotundam,

385 983 512 1023 fusca.
570 984 697 1025 Pedes
725 983 892 1024 sordide
920 983 1155 1024 latescunt:
1195 985 1318 1039 digiti
1348 983 1506 1034 lobati,
1549 994 1595 1024 ut
1623 981 1970 1040 praecedentibus
1999 981 2072 1021 secl

383 1059 515 1114 magis
545 1060 740 1100 connexi.
811 1063 1006 1100 Mensura
1037 1077 1059 1101 a
1088 1076 1251 1102 summo
1288 1075 1421 1102 rostro
1466 1061 1519 1102 ad
1560 1071 1794 1102 extremum
1831 1059 1986 1099 caudae
2016 1059 2069 1110 9''.

382 1135 444 1175 3¹⁰.
474 1136 598 1175 ulnae
629 1136 785 1175 alarum
815 1139 869 1179 5‘s.
902 1136 960 1187 4'“.

519 1215 560 1258 β.
593 1214 707 1252 Inter
736 1212 966 1268 specimina
999 1229 1020 1253 a
1051 1214 1103 1254 D.
1137 1215 1279 1255 stlerk
1323 1212 1446 1254 missa
1477 1213 1690 1270 duplicem
1721 1209 1864 1267 accepi
1896 1208 2071 1251 varieta-

381 1296 494 1336 tem,
527 1291 700 1329 alteram
729 1289 870 1328 subtus
900 1290 1177 1330 rufescentem
1196 1322 1205 1340 ‚
1251 1290 1347 1330 albo
1379 1290 1649 1345 (praesertim
1679 1287 1721 1328 in
1752 1297 1842 1327 toto
1874 1289 2066 1342 pectore)

382 1360 607 1411 doliatam3
640 1368 813 1404 alteram
842 1365 983 1405 subtus
1014 1366 1099 1405 fere
1133 1366 1296 1415 albam,
1327 1366 1417 1405 rufo
1446 1376 1678 1406 transverse
1720 1361 1902 1404 variam:
1951 1361 2068 1402 diffe-

379 1435 515 1478 tentia
546 1438 652 1479 forte
683 1453 804 1479 sexus
835 1439 902 1479 vel
932 1440 1094 1480 aetatis.

622 1739 699 1790 LI.
770 1739 1823 1796 PHOENICOPTERUS.

517 1967 603 2008 Vix
634 1969 717 2009 ulla
750 1967 836 2009 avis
866 1980 1046 2016 statura,
1076 1970 1373 2026 proportione,
1417 1970 1654 2012 inversione
1685 1983 1728 2012 et
1757 1973 1882 2027 figura
1911 1972 2058 2023 rostri,

377 2044 519 2086 colore
552 2055 594 2084 et
625 2043 819 2099 ambigua
848 2045 959 2085 inter
990 2047 1090 2086 duos
1121 2046 1287 2087 ordines
1318 2047 1526 2087 naturales
1556 2059 1699 2088 natura
1730 2047 1860 2103 magis
1889 2047 2060 2098 eminet,

378 2137 502 2177 quam
538 2120 927 2177 Phoenicopterus,
958 2126 1071 2176 cujus
1102 2123 1207 2162 forte
1237 2122 1359 2163 unica
1388 2123 1432 2164 in
1463 2124 1579 2165 omni
1613 2136 1812 2165 terrarum
1854 2125 1954 2165 orbe
1993 2140 2061 2164 ex-

380 2196 489 2237 sistit
519 2197 692 2253 species.
750 2200 889 2252 Quum
922 2197 1154 2239 calidorum
1184 2199 1402 2254 regionum
1434 2199 1487 2240 sit
1529 2200 1776 2257 progenies,
1820 2200 1891 2240 vix
1933 2215 2060 2255 usque

381 2274 431 2312 ad
462 2273 633 2329 Imperii
665 2273 827 2314 Rossici
863 2275 1042 2315 confinia
1071 2275 1323 2331 perveniunt
1358 2275 1437 2318 hae
1466 2292 1589 2327 aves,
1634 2289 1675 2318 et
1702 2277 1821 2318 nobis
1861 2278 1941 2317 fere
1974 2287 2059 2317 tan-

376 2359 464 2389 tum
494 2365 518 2389 e
549 2351 703 2405 Caspio
735 2350 839 2392 mari
868 2350 1056 2392 veniunt.
