2175 2931
888 206 1037 222 —

1736 208 1761 249 ΟΞ

1773 214 1788 243 »ο

223 305 419 348 Armenis
453 305 603 348 Tschil.
632 330 687 338 -—
717 306 953 349 Calmuccis
979 308 1215 354 Boeclenae;
1245 308 1456 364 Mongolis
1485 309 1685 351 Βοεάεηὶι.

251 387 328 423 Per
355 397 521 423 omnem
551 382 743 423 Rossiam
777 395 819 424 et
849 384 1043 424 Sibiriam
1075 385 1361 425 australiorem
1392 385 1574 441 apricam
1591 387 1795 442 Frequensg

113 459 159 500 in
186 458 425 500 borealibus
455 457 698 508 maritimis,
736 459 932 499 orientali
964 460 1114 515 angulo
1143 459 1269 500 Asiae
1301 472 1343 501 et
1375 460 1669 502 Camtschatca
1699 464 1795 503 defi-

115 535 188 576 cit.
247 533 545 589 Copiosissime
575 545 717 574 contra
748 550 822 590 per
850 550 1019 575 omnem
1035 536 1258 577 Ueraniam
1274 547 1315 576 et
1331 537 1551 577 finitimam
1579 539 1797 581 Poloniam

114 622 158 652 et
186 609 397 650 ineffabili
430 609 571 665 copia,
618 610 877 665 migrationis
907 622 1122 666 ternpore,
1163 624 1437 668 congregatur
1463 612 1507 652 in
1537 615 1713 654 desertis
1745 617 1796 656 ad

115 689 388 742 Borystenem
418 697 460 726 et
488 687 751 733 Danubium,
807 687 1061 741 tandemque
1093 699 1291 728 autumno
1320 688 1364 728 in
1395 689 1607 729 convalles
1642 690 1797 731 mariti-

115 776 202 802 mas
244 772 456 801 montosae
501 777 597 802 orae
629 761 880 803 Chersonesi
923 762 1127 803 Tauricae
1159 764 1394 818 colligitur,
1437 766 1547 804 unde
1579 765 1797 820 ingruente

116 837 334 893 frigidiore
365 848 562 878 autumno
590 837 890 878 inAnatoliam
919 841 1097 878 Pontum
1128 839 1336 879 Euxinum
1367 840 1594 893 trajiciunt.
1655 845 1701 881 In
1733 858 1799 882 au-

117 913 303 953 strslibus.
347 913 519 954 Rossiae
560 914 789 969 provinciis
829 926 928 955 tunc
966 914 1135 970 copiose
1164 926 1206 955 et
1237 915 1534 970 pinguissimae
1566 916 1798 971 capiuntur,

116 987 359 1043 integraque
403 990 515 1030 dolia
547 991 632 1030 sale
667 992 928 1031 conditarum
976 994 1192 1031 Moscuam
1220 1003 1262 1031 et
1292 991 1533 1046 Petropolin
1565 991 1798 1033 mittuntur.

117 1064 348 1119 Capiuntur
377 1066 619 1120 praesertim
649 1066 934 1115 Tinnunculo,
980 1067 1161 1107 Falcone
1192 1067 1448 1122 vespertino,
1480 1067 1586 1107 Niso
1617 1079 1657 1107 et
1674 1070 1799 1108 Aesa-

116 1139 213 1180 lone
256 1141 305 1180 ad
337 1139 380 1180 id
425 1140 611 1190 instutis,
656 1142 724 1182 vel
754 1142 883 1181 etiam
912 1142 1082 1182 retibus,
1153 1143 1382 1181 Abundant
1411 1141 1538 1181 etiam
1568 1142 1611 1181 in
1642 1143 1799 1198 campis

115 1215 341 1271 pinguibus
366 1227 412 1255 et
442 1217 707 1270 graminosis,
741 1218 792 1256 ad
824 1220 925 1266 Iset,
956 1217 1112 1264 Tobol,
1144 1216 1300 1256 Ischim
1330 1228 1373 1256 et
1403 1217 1504 1256 Irtin
1537 1217 1697 1265 fluvios,
1726 1218 1801 1259 ubi

115 1305 237 1331 canes
281 1290 364 1330 mei
406 1289 449 1330 in
492 1291 643 1332 itinere
688 1291 832 1347 quavis
876 1292 959 1330 fere
1005 1291 1105 1331 hora
1151 1292 1395 1332 Coturnices
1432 1292 1668 1346 capiebant.
1729 1295 1800 1335 Ad.

113 1366 322 1407 Jeniseam
341 1373 434 1406 *non
465 1366 600 1406 minus
631 1367 796 1407 vocales
828 1366 1066 1422 europaeis,
1110 1368 1181 1407 sed
1211 1382 1422 1422 nunquam
1451 1380 1544 1424 post
1573 1368 1802 1410 solstitium

116 1443 419 1483 exaudiendae.
492 1447 540 1483 In
582 1442 766 1482 Dauuria
808 1441 1016 1497 denique,
1061 1441 1163 1482 licet
1207 1443 1464 1497 frequentes,
1509 1444 1632 1499 plane
1663 1457 1801 1486 mutae

117 1529 232 1567 sunt,
285 1519 419 1559 solum
450 1519 546 1560 voci
572 1519 789 1574 praevium
820 1519 929 1574 apud
959 1529 1116 1558 nostras
1147 1516 1384 1559 rhonchum
1416 1521 1601 1561 edentes.
1660 1524 1747 1560 Hae
1779 1537 1802 1561 a

118 1593 423 1644 Chinensffius,
467 1594 528 1634 uti
560 1596 769 1650 quondam
803 1593 1000 1642 Athenis,
1033 1593 1077 1634 in
1107 1595 1391 1650 spectaculum
1425 1597 1476 1635 ad
1505 1611 1661 1652 pugnas
1691 1597 1800 1638 ludi-

117 1684 206 1710 cras
237 1668 511 1717 adhibentur,
542 1681 584 1709 et
613 1680 719 1709 teste
736 1671 874 1724 Anglo
904 1672 1019 1710 Bell
1050 1675 1194 1721 ritiner.
1226 1687 1326 1711 vers.
1351 1675 1456 1725 gall.
1486 1676 1567 1713 vol.
1597 1675 1629 1713 I.
1646 1690 1685 1728 p.
1704 1678 1801 1727 270)

122 1746 172 1785 ad
202 1744 534 1785 internecionem
565 1745 820 1785 ferocissime
850 1756 1053 1801 pugnant,
1086 1745 1168 1785 nisi
1199 1745 1461 1788 dirimantur.
1522 1749 1590 1788 Ad
1623 1749 1710 1790 Can
1740 1760 1799 1788 ta-

119 1836 215 1861 men
245 1820 429 1870 fiuvium,
461 1821 566 1862 citra
595 1820 790 1861 Ircutiam
820 1824 903 1875 jam
933 1836 1102 1861 canoras
1132 1821 1343 1861 exaudivi.
1363 1848 1410 1852 —
1443 1822 1565 1863 Circa
1595 1823 1802 1865 Jeniseam

120 1896 163 1936 in
195 1896 339 1951 vulgus
369 1909 514 1938 notum
544 1908 624 1948 est,
671 1908 712 1937 et
742 1897 870 1937 homo
902 1897 981 1936 fide
1011 1897 1179 1951 dignus,
1226 1899 1454 1938 Germanus
1484 1898 1593 1939 circa
1624 1898 1804 1938 metalli-

123 1972 282 2012 fodinas
325 1974 376 2013 ad
419 1973 606 2029 Karysch
649 1976 688 2014 fl.
729 1973 802 2014 diu
843 1985 1120 2014 commoratus
1164 1972 1272 2013 mihi
1314 1984 1483 2029 autopta
1525 1973 1800 2014 confirmavit.

122 2047 367 2089 Coturnices
408 2049 470 2090 ibi
512 2051 586 2090 sub
625 2049 723 2090 nive
767 2049 1022 2105 hybernme,
1073 2060 1115 2089 et
1160 2048 1342 2089 maxime
1386 2049 1496 2090 cirea
1537 2049 1803 2090 formicarum

123 2138 290 2164 acervos
319 2124 362 2164 in
393 2124 520 2179 sylvis
550 2125 811 2180 congregari,
855 2124 927 2164 ubi
957 2125 1074 2179 qnasi
1103 2125 1294 2180 torpidae
1325 2125 1597 2180 reperiantur.
1664 2128 1804 2180 Appa-

123 2210 216 2239 rent
245 2199 373 2240 etiam
402 2202 501 2240 suda
530 2212 778 2255 tempestate
808 2215 928 2255 supra
961 2199 1101 2239 nivem
1132 2212 1174 2240 et
1203 2215 1316 2239 uffae
1343 2201 1457 2240 circa
1490 2200 1660 2247 horrea3
1693 2201 1803 2256 alpe-

124 2274 274 2316 stribus
304 2276 460 2316 ssilicet
491 2275 596 2330 jugis
626 2277 699 2316 sub
730 2277 856 2315 finem
874 2275 1050 2329 Augusti
1066 2276 1161 2315 nive
1187 2275 1321 2325 tectis,
1355 2277 1405 2315 ad
1422 2288 1602 2316 austrum
1626 2277 1801 2332 migrare

122 2350 405 2406 inpediuntur.
465 2352 688 2392 Caeterum
718 2366 937 2406 praesagae
968 2362 1284 2406 tempestatum,
1330 2351 1548 2405 ingruente
1577 2352 1718 2407 pluvia
1747 2353 1804 2392 la-

125 2429 259 2469 tebras
299 2438 526 2484 quaerunt3
573 2428 647 2468 sub
687 2442 807 2484 spem
852 2427 987 2468 sereni
1027 2427 1162 2468 laetae
1191 2428 1413 2468 exsultant.
1471 2429 1579 2470 Pulli
1608 2427 1803 2484 languine

1322 2521 1363 2542 11
