2175 2931
350 204 430 233 112
1099 202 1243 228 Ξ

346 306 454 362 apud
494 306 749 362 praefectum
787 302 1029 362 provinciae
1059 301 1198 344 vivam
1229 301 1338 343 vidit
1369 315 1411 344 et
1440 303 1604 362 accepit
1632 320 1724 346 eam
1755 304 1798 345 in
1842 303 2027 345 Dauuria

344 397 440 423 cum
471 384 744 423 antecedente
779 382 945 430 vivere,
985 396 1006 419 a
1036 395 1117 434 qua
1146 390 1260 420 certe
1292 379 1454 423 diversa
1483 393 1525 422 et
1554 384 1607 423 ob
1638 380 1888 438 parvitatem
1919 379 2027 421 nulli

347 458 421 499 alii
452 458 608 514 speciei
639 458 947 500 adnumeranda
978 455 1158 506 videtur,
1192 455 1294 497 licet
1321 472 1375 498 ex
1405 457 1539 500 iconis
1567 456 1910 515 proportionibus
1941 472 2027 497 om-

341 534 441 575 nino
471 534 609 589 junior
639 535 724 575 avis
755 534 959 575 videatur.

479 612 609 653 Dese
622 628 653 652 r.
688 611 858 652 “Minor
887 609 1025 651 adhuc
1055 611 1103 650 G.
1136 610 1314 665 Virgine.
1372 612 1563 653 Rostrum
1592 610 1770 660 tenuius,
1804 625 1926 665 quam
1945 607 2026 659 illi,

342 688 426 736 ‚‚5''.
458 686 527 728 3''‘.
565 689 760 744 longum,
805 703 827 728 e
858 686 986 728 viridi
1029 686 1224 727 albicans.
1296 689 1431 743 Caput
1473 687 1653 729 anterius
1691 699 1733 729 et
1773 688 1847 743 sub
1895 685 2027 727 oculis

339 762 581 813 „cinereum
599 797 608 814 ,
652 763 866 820 nigrisque
897 762 994 819 pilis
1024 778 1267 819 respersum.
1329 765 1548 812 Verticem,
1589 764 1662 820 qui
1691 780 1786 805 cum
1815 761 2026 818 superiore

337 850 485 894 „parte
516 841 617 881 colli
654 841 807 897 plumis
845 840 1163 880 flavescentibus
1192 851 1234 879 et
1265 838 1369 879 albis
1399 854 1474 895 per
1513 840 1822 895 longitudinem
1864 837 2029 878 striatus

337 927 452 966 „est,
491 919 632 970 fascia
661 917 794 973 cingit
824 916 915 956 alba
936 947 945 965 ,
990 915 1184 971 utrinque
1215 930 1354 956 versus
1385 915 1540 955 collum
1574 916 1843 956 descendens.
1901 914 2029 957 Irides

339 992 511 1042 ‚,flavac.
586 994 810 1048 Palpebrae
841 992 1087 1041 coccineae,
1148 991 1416 1032 circumcirca
1447 991 1545 1047 pilis
1576 991 1703 1047 nigris
1734 990 1908 1031 obsitae.
1980 994 2029 1032 In

340 1067 486 1122 „genis
526 1084 618 1108 area
664 1069 856 1116 cinerea,
897 1067 1053 1124 phunis
1096 1083 1209 1108 rarae
1252 1078 1442 1107 texturae
1473 1067 1653 1108 vestita“
1698 1071 1848 1121 (altres)
1895 1072 2027 1122 “quae

339 1147 518 1193 „annulo
564 1143 763 1184 coccineo
803 1145 1069 1190 obscuriore,
1127 1160 1148 1182 a
1179 1142 1389 1198 palpebris
1420 1144 1623 1198 producto
1655 1143 1847 1198 cingitur.
1921 1143 2029 1184 Gula

337 1217 504 1273 „primo
537 1220 654 1270 alba,
700 1219 801 1261 hinc
831 1220 1024 1268 cinerea,
1077 1223 1226 1260 collum
1255 1217 1475 1274 reliquunt
1496 1219 1649 1260 album.
1726 1217 1903 1259 Inferior
1932 1234 2026 1274 pars

337 1300 615 1343 „vestitricum
657 1297 775 1345 alba,
821 1295 1009 1351 superior
1051 1296 1277 1334 earundem
1321 1293 1463 1348 regio,
1520 1310 1613 1335 cum
1645 1294 1790 1342 dorso,
1845 1293 2027 1336 cinerea.

340 1370 556 1424 „Remiges
586 1370 742 1426 nigrae.
814 1375 921 1412 Tota
951 1387 1077 1426 prona
1108 1369 1242 1418 facie,
1298 1368 1466 1409 cinerea
1485 1401 1495 1420 ‚
1553 1369 1634 1410 nisi
1665 1384 1805 1410 versus
1836 1372 2025 1418 caudam,

339 1444 442 1495 „ubi
485 1446 589 1487 alba.
660 1449 791 1489 Pedes
832 1447 991 1503 pallide
1035 1447 1254 1494 rubentes,
1300 1460 1455 1500 ungues
1498 1445 1777 1501 nigricantes,
1830 1446 2027 1487 adunci.“

340 1521 489 1564 Gmel.

476 1600 585 1640 Not.
616 1598 705 1639 Nisi
735 1599 917 1655 parvitas
947 1599 1156 1644 obstaret,
1199 1612 1292 1638 curn
1322 1613 1552 1653 pennarum
1581 1597 1841 1656 perfectione
1869 1601 2026 1654 juncta,

338 1686 414 1731 pro
446 1677 615 1733 Vipione
644 1690 715 1716 seu
743 1676 859 1732 pullo
890 1677 1009 1716 Gruis
1037 1676 1264 1728 Antigones
1293 1673 1546 1716 habuissem.

737 1858 986 1910 XXXVII.
1054 1857 1625 1910 CICONIAE.

484 2049 609 2090 Ratio
639 2064 722 2089 non
755 2045 877 2088 facile
907 2047 1054 2095 datur,
1084 2062 1210 2102 quare
1243 2047 1510 2089 Ciconiarum
1540 2048 1699 2104 species
1730 2050 1835 2089 adeo
1868 2049 2021 2090 locales

343 2138 447 2176 sunt,
479 2141 605 2181 quum
634 2137 773 2166 tamen
807 2124 892 2163 fere
922 2122 1075 2177 ubique
1106 2124 1304 2178 pabulum
1337 2125 1610 2180 adaequatum
1633 2124 1823 2165 invenire
1854 2137 2020 2181 queant.

342 2203 549 2258 Equidem
580 2201 749 2257 planum
779 2210 852 2248 est,
884 2199 1146 2255 Hispaniam,
1180 2200 1360 2241 Galliam
1391 2211 1432 2241 et
1461 2201 1684 2242 Tauricam
1715 2201 2022 2244 Chersonesum

342 2277 439 2319 ideo
471 2280 520 2318 ab
550 2277 637 2318 illis
667 2292 748 2317 non
774 2275 1043 2331 frequentari,
1075 2277 1186 2330 quod
1217 2288 1388 2332 propter
1417 2277 1564 2318 aestivi
1593 2277 1781 2318 humoris
1810 2278 2021 2318 defectum

342 2364 383 2393 et
421 2353 637 2409 penuriam
678 2354 844 2394 lacuum
881 2363 923 2393 et
961 2367 1156 2407 aquarum
1199 2353 1503 2407 stagnantium,
1557 2368 1680 2393 ranae
1717 2364 1758 2394 et
1793 2353 1928 2409 pisces
1957 2351 2019 2392 ibi

344 2428 506 2477 desint3
561 2431 614 2469 ob
643 2429 891 2470 contrariam
928 2439 1072 2470 contra
1100 2427 1306 2469 rationem
1335 2427 1523 2485 copiosas
1551 2444 1640 2470 esse
1669 2429 1714 2471 in
1743 2428 1913 2485 aquosis,
1938 2429 2020 2469 Ae-
