2175 2931
399 203 485 255 176
1158 213 1302 239 ez

505 316 646 357 Rossis
676 316 844 357 exotico
890 313 1061 355 nomine
1105 314 1331 359 Bekassin;
1386 313 1604 356 venatorio
1646 314 1815 355 nomine
1860 315 2071 355 Stutschik.

558 393 689 432 Gallis
719 397 761 433 Za
789 392 953 433 Sourcle.

507 468 747 508 Baschkiris
778 467 1030 508 Saraldshin.
1085 466 1240 507 Jacutis
1269 468 1444 509 Bardch.

503 542 686 584 Ostiacis
718 545 767 584 ad
799 547 984 598 Narym,
1015 544 1150 599 Sapri.

529 622 577 658 In
609 619 778 660 Rossiae
810 631 853 659 et
884 619 1061 660 Sibiriae
1092 619 1302 674 paludosis
1350 630 1392 659 et
1433 618 1670 660 borealibus
1714 632 1844 673 aeque
1882 619 2075 674 frequens

392 710 439 736 ac
467 697 750 752 praecedens,
778 694 822 736 in
852 695 1093 752 temperatis
1120 706 1165 735 et
1194 695 1437 736 australibus
1468 695 1698 745 rarissima,
1741 693 1822 734 nisi
1863 694 2075 749 migratio-

388 771 452 811 nis
482 783 684 827 tempore.

528 849 698 889 Descr.
731 849 977 903 Magnitudo
1008 847 1081 888 vix
1113 849 1266 888 Sturni.
1326 846 1522 889 Crassitie
1553 847 1730 902 capitis,
1760 847 1965 888 brevitate
1991 848 2074 887 col-

387 922 420 964 li
449 935 491 964 et
521 925 736 965 oculorum
767 926 847 964 situ
878 941 898 964 a
930 936 1059 964 rostro
1090 925 1314 964 admodum
1352 933 1539 970 remoto,
1584 923 1843 962 Rusticolam
1896 923 2075 963 aemula-

388 1010 467 1039 tur.
523 1001 715 1041 Rostrum
744 1001 938 1049 brevius,
971 1000 1253 1056 crassiusque,
1300 1015 1424 1054 quam
1454 999 1801 1054 praecedentibus
1832 999 2019 1048 cunctiS,
2052 1014 2075 1039 a

388 1089 521 1115 crassa
549 1076 639 1116 basi
671 1078 792 1116 valde
824 1091 1103 1131 compressum
1122 1108 1131 1125 ,
1176 1087 1365 1116 extremo
1397 1077 1659 1129 depressum,
1705 1075 1859 1129 rugulis
1890 1074 2073 1129 obliquis

385 1161 427 1191 et
459 1150 578 1205 apice
608 1151 773 1206 punctis
803 1151 1013 1207 impressis
1032 1183 1043 1198 ,
1086 1163 1126 1191 at
1154 1152 1269 1191 sulco
1299 1151 1501 1191 obsoleto.
1575 1153 1682 1191 Lora
1724 1167 1851 1206 usque
1896 1152 1946 1190 ad
1976 1166 2071 1190 ocu-

385 1226 473 1266 lum
503 1226 586 1266 late
618 1227 754 1274 fusca;
783 1242 857 1282 per
887 1228 1065 1267 frontem
1097 1227 1252 1267 lineola
1282 1227 1485 1282 simplex,
1518 1238 1713 1280 angusta,
1758 1242 1832 1282 per
1868 1227 2073 1266 verticem

384 1302 612 1350 latescens,
646 1302 776 1356 nigra.
834 1304 975 1342 Litura
1008 1304 1117 1342 fusca
1145 1303 1338 1356 utrinque
1369 1302 1412 1341 in
1444 1301 1559 1355 genis
1589 1302 1918 1356 longitudinalis.
1966 1303 2072 1342 Gula

384 1388 426 1417 et
454 1388 600 1432 pectus
630 1379 753 1425 alba3
795 1382 945 1418 collum
974 1389 1015 1417 et
1044 1378 1352 1432 hypochondrz‘a
1382 1377 1615 1423 lutescunt,
1657 1378 1771 1417 fusco
1814 1378 1955 1417 striata
1985 1382 2070 1418 lon-

381 1453 677 1507 gitudinaliter.
734 1454 912 1493 Dorsum
942 1451 1052 1492 inter
1082 1454 1164 1493 alas
1196 1464 1353 1501 atrum,
1386 1451 1552 1492 circulis
1582 1453 1816 1507 plumarum
1845 1453 1970 1493 fulvis
2002 1469 2068 1493 va-

383 1528 516 1575 rium,
544 1527 745 1568 tractibus
774 1528 906 1569 tribus
936 1528 1335 1583 longitudinalibus,
1368 1527 1524 1567 viridi·
1542 1529 1708 1577 aeneis,
1752 1528 2069 1583 interjectisque

385 1604 542 1644 duabus
571 1603 707 1657 strigis
738 1604 874 1644 luteis.
933 1605 1079 1644 Gauda
1106 1603 1372 1651 brevissima3
1403 1608 1588 1643 rectrices
1618 1604 1778 1654 fuscae,
1818 1604 2070 1644 luteo-mar-

384 1678 575 1734 ginatae,
609 1679 773 1719 mediae
802 1679 1037 1734 longiores,
1085 1679 1358 1719 acuminatae.
1444 1679 1571 1719 Pedes
1607 1695 1701 1719 cuin
1731 1679 1872 1735 digitis
1903 1680 2067 1721 brevio-

382 1769 474 1802 res,
504 1754 824 1810 tenuioresque,
855 1771 978 1810 quam
1009 1756 1324 1811 praecedentis,
1356 1759 1474 1811 plicis
1503 1755 1612 1795 inter
1642 1755 1795 1810 digitos
1826 1759 1896 1808 (ut
1926 1756 2065 1796 Scolo-

380 1829 554 1885 pacibus
585 1831 804 1886 omnibus)
835 1831 958 1887 plane
989 1832 1136 1878 nullis,
1167 1844 1212 1872 ut
1240 1843 1352 1872 recte
1383 1833 1694 1872 Brissonius.
1750 1833 1907 1886 Unguis
1935 1830 2066 1871 medii

381 1904 507 1960 digiti
536 1905 735 1946 interiore
767 1907 951 1961 margine
981 1908 1223 1948 undulatus!
1280 1909 1470 1947 Mensura
1499 1907 1620 1946 rostri
1656 1907 1708 1947 1‘'.
1733 1908 1799 1948 G‘''.
1829 1907 1951 1947 ulnae
1983 1907 2065 1947 ala·

382 1996 472 2021 rum
504 1984 562 2023 δ”.
602 1983 690 2021 ιι””.
720 1982 918 2023 tibiarum
954 1984 1045 2023 10⁰².
1077 1982 1202 2037 digiti
1230 1982 1360 2023 medii
1392 1985 1454 2035 (c.
1484 1998 1524 2025 u.
1557 1983 1676 2036 nim.)
1714 1988 1765 2023 1‘'.
1802 1983 1863 2024 1'“.
1906 1983 2063 2023 femora

381 2057 589 2098 denudata
618 2058 670 2098 ad
709 2066 730 2100 5
743 2070 755 2102 ἑ
769 2060 810 2099 ‘'‘.

752 2262 863 2304 288.
955 2261 981 2302 S
1003 2258 1042 2304 C
1064 2261 1272 2304 OLOP
1294 2262 1397 2306 AX
1480 2263 1688 2320 alpina.

517 2363 558 2402 S.
587 2374 718 2404 rostro
762 2362 980 2412 breviore,
1036 2365 1157 2405 dorso
1199 2365 1314 2405 fusco
1355 2366 1553 2420 luteoque
1595 2365 1830 2412 maculato,
1885 2374 2054 2421 pectore

381 2433 513 2489 nigro.
