2175 2931
415 174 499 214 302
1192 171 1336 184 ⁶-—

418 275 544 317 facile
577 273 768 316 manibus
798 273 1025 330 capienda,
1057 270 1144 313 imo
1172 270 1218 312 in
1248 286 1392 312 manus
1422 281 1465 311 et
1493 285 1618 311 naves
1647 268 1854 311 involans.
1917 273 2033 314 Stant
2067 273 2110 315 in

418 353 588 408 rupibus
617 349 838 391 hominum
868 349 998 391 instar
1025 348 1155 391 erecti
1188 349 1279 401 (seu
1308 347 1435 388 crisso
1464 347 1694 388 insidentes
1725 347 1904 402 potius),
1938 361 2110 404 pectore

421 429 473 468 ad
503 443 601 468 saxa
630 437 675 466 et
710 436 932 481 praerupta
976 423 1131 467 acclini
1167 425 1381 479 caudaque
1421 422 1556 478 rigida
1585 437 1672 463 sese
1702 435 1998 475 sustentantes,
2057 440 2111 466 ne

420 520 442 544 a
473 514 599 543 vento
629 500 900 555 dejiciantur,
940 503 1009 542 vel
1038 516 1186 542 somno
1217 500 1376 556 sopitae
1408 499 1628 548 decidant3
1681 510 1772 539 sunt
1803 499 1926 540 enim‘
1947 516 2109 542 somno-

413 579 552 619 lentae
597 593 693 618 aves
738 588 780 618 et
823 577 962 634 capite
1005 579 1078 619 sub
1120 577 1194 618 alis
1225 575 1397 617 condito
1428 575 1652 616 dormiunt.
1724 577 1980 617 Deturbatae
2011 592 2110 618 vero

416 653 583 709 egregie
625 665 772 694 natant
800 665 842 694 et
871 653 1087 694 urinantur
1129 652 1411 710 promtissime
1443 663 1484 691 et
1515 651 1601 692 diu.
1674 652 1875 692 Sedentes
1907 653 2056 707 laqueo
2086 667 2110 692 e

414 729 572 771 bacillo
615 731 829 785 pendente
874 730 985 771 collo
1025 730 1182 785 injecto
1225 728 1394 785 copiose
1444 727 1539 783 capi
1588 740 1786 783 possunt3
1852 728 1955 768 licet
1996 727 2110 768 enim

415 805 589 845 videant
617 806 837 862 laqueum,
880 821 964 846 non
994 807 1185 855 avolant,
1229 806 1301 845 sed
1330 802 1616 844 declinatione
1647 803 1799 859 capitis
1826 815 1991 850 tantum
2021 803 2111 844 evi·

411 892 524 928 tant,
571 896 707 937 neque
738 893 862 937 capto
891 897 974 922 uno
1003 883 1172 922 avolant
1202 880 1378 935 reliqui,
1422 879 1509 920 imo
1541 894 1593 919 ne
1623 879 1797 933 quidem
1826 896 1847 919 a
1877 879 2010 934 sclopi
2041 880 2110 919 vel

415 956 569 1011 lapidis
601 957 702 998 ictu.
762 958 976 1013 Gregatim
1007 959 1177 1006 volant3
1225 956 1400 998 Oriente
1431 956 1518 996 sole
1549 967 1591 996 et
1621 955 1724 995 item
1755 954 1940 1011 vesperi,
1983 970 2109 1010 quum

414 1044 571 1074 exeunt
599 1034 824 1088 piscatum,
871 1033 1089 1088 ingentem
1118 1034 1273 1075 tollunt
1304 1033 1551 1082 clamorem,
1596 1030 1668 1086 qui
1700 1045 1722 1071 e
1753 1031 1985 1086 longinquo
2014 1032 2111 1072 buc-

413 1107 603 1148 cinorum
649 1124 795 1150 sonum
838 1110 1081 1150 aemulatur.
1157 1108 1443 1150 Avidissimae
1486 1118 1653 1156 vorant,
1696 1118 1742 1146 ut
1772 1122 1898 1163 saepe
1929 1106 2109 1162 piscium

413 1184 543 1224 cauda
574 1185 735 1240 repleta
776 1184 965 1239 ingluvie
995 1200 1017 1225 e
1047 1186 1165 1226 fauce
1195 1184 1445 1241 promineat.
1519 1184 1611 1224 Ova
1648 1183 1915 1238 longitudine
1948 1184 2006 1224 2&
2040 1188 2109 1226 5'“.

414 1260 620 1301 diametro
659 1264 711 1301 1‘'.
741 1267 812 1310 [β’.
842 1261 945 1310 tria,
1002 1273 1198 1317 quatuor,
1246 1276 1337 1301 raro
1367 1275 1439 1300 sex
1470 1259 1662 1315 pariunt,
1717 1258 1951 1298 virescente
1969 1283 1982 1289 —
2002 1259 2112 1308 alba,

414 1335 780 1391 longitudinaliter
810 1337 926 1391 quasi
957 1337 1115 1378 lineata
1160 1336 1360 1378 materiae
1408 1333 1731 1375 excrementitia
1760 1334 1871 1374 striis
1902 1334 2109 1375 crassiori-

412 1411 502 1450 bus.
563 1413 828 1462 (Stellerus
872 1412 917 1451 in
955 1414 1060 1452 Now.
1095 1414 1209 1453 Com.
1241 1414 1400 1466 Petrop.
1435 1412 1505 1450 IV.
1538 1427 1574 1464 p.
1606 1417 1699 1459 423.
1734 1409 1986 1465 simpliciter
2015 1410 2110 1451 alba

418 1485 562 1540 dixit).
605 1487 810 1527 Incubant
840 1486 966 1527 crisso
995 1486 1084 1527 ovis
1113 1486 1358 1527 insidentes.
1408 1485 1591 1524 Vitellus
1623 1500 1796 1525 ovorum
1826 1485 2107 1537 fluidissimus,

416 1575 658 1611 nauseosus,
710 1576 845 1616 neque
877 1561 1071 1601 diuturna
1111 1561 1341 1602 elixatione
1371 1560 1597 1609 durandus,
1654 1562 1765 1600 unde
1796 1560 2109 1602 Camtschadali

419 1647 710 1687 contemnunt,
769 1648 811 1676 et
842 1652 962 1677 muco
992 1636 1156 1678 narium
1186 1647 1444 1692 comparant.
1515 1638 1675 1677 Stercus
1710 1636 1903 1686 fluidum,
1965 1637 2106 1678 album

415 1711 667 1752 creberrime
700 1712 888 1766 ejiciunt.
946 1712 1218 1769 Deplumari,
1262 1723 1308 1752 ut
1337 1726 1614 1767 congeneres,
1647 1713 1701 1752 ob
1732 1711 1982 1752 densitatem
2010 1714 2103 1769 plu-

415 1802 574 1827 marum
604 1800 844 1843 nequeunt,
873 1788 952 1829 nisi
982 1790 1168 1829 detracta
1197 1788 1325 1844 pelle.
1384 1789 1538 1829 Carnes
1569 1787 1698 1834 viles,
1739 1787 1920 1828 elixatae
1954 1790 2106 1830 famem

415 1864 602 1919 pellunt3
647 1876 803 1904 assatae
832 1864 1060 1921 pessimae,
1106 1863 1187 1904 nisi
1216 1864 1418 1904 methodo
1450 1861 1711 1912 Curilorum,
1755 1862 1828 1917 qui
1858 1863 2105 1918 praesertim

416 1940 576 1996 pullos,
605 1955 700 1981 cum
730 1941 883 1996 plumis
914 1953 955 1981 et
984 1939 1209 1980 interaneis
1239 1939 1283 1979 in
1312 1939 1433 1979 fovea
1464 1937 1606 1978 favilla
1621 1939 1744 1994 plena
1771 1950 1905 1979 assant
1935 1950 1975 1979 et
2005 1939 2104 1980 dein

420 2016 695 2057 decorticant.
768 2019 1017 2072 Hybernant
1060 2014 1105 2056 in
1146 2015 1268 2064 mari,
1313 2025 1359 2055 ut
1402 2028 1580 2070 sequens
1624 2014 1735 2056 circa
1772 2014 1914 2056 littora
1943 2026 2105 2057 tantum

398 2086 573 2132 'aestate
602 2092 853 2147 frequentes.

554 2169 727 2208 Descr.
767 2168 956 2209 Carbone
986 2168 1133 2208 minor.
1192 2168 1382 2209 Rostrum
1409 2167 1534 2223 paulo
1563 2166 1789 2215 robustius,
1819 2183 1944 2223 quam
1969 2166 2014 2208 in
2044 2180 2105 2208 se·

420 2243 587 2299 quenti,
631 2243 798 2284 tenuius
839 2260 963 2300 quam
1008 2245 1230 2292 Carbonis,
1273 2245 1453 2290 fuscum,
1496 2243 1586 2285 basi
1624 2255 1666 2285 et
1703 2243 1899 2284 inferiore
1930 2243 2102 2284 maxilla

420 2319 713 2361 albicantibus.
771 2321 914 2362 Facies
942 2332 1030 2361 tota
1060 2320 1170 2362 circa
1200 2320 1318 2361 basin
1346 2319 1487 2370 rostri,
1528 2320 1656 2361 etiam
1685 2320 1820 2376 prima
1847 2331 1963 2375 parte
1993 2319 2100 2358 fron-

419 2393 472 2434 tis
501 2407 543 2437 et
573 2397 714 2450 gulae,
772 2396 895 2438 latius
927 2414 949 2438 a
978 2397 1112 2439 latere
1143 2407 1185 2438 et
1213 2412 1341 2453 usque
1369 2396 1477 2439 ultra
1509 2397 1652 2439 oculos
1682 2397 1793 2438 nuda
1831 2396 1965 2445 fulva,
2025 2393 2098 2435 sed
