2175 2931
854 172 999 197 ===
1677 177 1764 217 249

302 271 576 327 Scaupduck,
619 270 739 312 Penn.
769 271 885 313 Zool.
918 272 1009 314 brit.
1042 291 1079 323 p.
1118 279 1205 317 253.
1247 289 1307 330 sp.
1354 290 1413 314 ιο.
1444 274 1527 314 tab.
1559 273 1610 329 Q.
1644 276 1765 318 mala.

357 348 473 388 Zool.
506 357 607 387 aret.
636 349 690 388 ΙΙ.
722 365 760 403 p.
791 355 882 390 565.
915 366 952 389 n.
983 356 1076 402 498.
1134 352 1322 392 Latham.
1355 361 1416 392 av.
1451 366 1490 405 p.
1523 356 1615 392 500.
1645 367 1682 391 η.
1699 361 1766 404 49.

192 422 332 463 Rossis
361 422 722 463 beresoviensibus
751 427 970 481 Sorowaja.

192 498 372 539 Ostiacis
402 500 797 552 Langi-tschentsch
829 499 1062 552 (sciureum
1093 504 1262 557 tergus).

195 573 424 627 Samojedis
459 574 639 614 Ta'nebu.

218 653 265 689 In
295 649 531 689 borealibus
562 649 782 690 maritimis
817 651 1011 701 Rossiae,
1057 663 1098 692 et
1141 652 1322 693 maxima
1352 653 1595 709 praesertim
1641 654 1762 709 copia

80 726 125 765 in
155 725 352 765 inferiore
382 723 551 779 regione
583 725 667 766 Obi
698 726 837 776 fluvii,
869 728 1038 767 boream
1069 743 1207 767 versus
1238 730 1492 768 observatur.
1549 728 1763 784 Gregatim

79 811 218 850 natat,
251 811 295 840 ut
324 803 376 841 A.
408 812 514 850 atra,
547 800 616 841 cui
646 813 688 842 et
719 802 902 843 moribus
932 813 974 843 et
1006 813 1159 843 statura
1188 803 1429 853 simillima,
1472 804 1657 860 itemque
1699 821 1766 844 va·

51 866 141 916 ’sta
172 891 369 930 aquarum
400 875 533 931 spatia
563 890 605 916 et
633 877 769 933 ipsum
799 893 910 918 mare
941 880 1133 934 praefert.
1203 879 1322 920 Circa
1353 881 1543 934 Belgium
1576 880 1761 935 hyemat,

79 950 303 992 maritima.
362 952 455 992 Ουα
485 952 689 1007 oblonga,
721 954 972 1004 majuscula,
1015 954 1625 1006 olivaceo-virescente-alba,
1664 971 1765 1011 pun-

84 1026 161 1069 ctis
191 1026 509 1068 obsoletissimis
538 1027 906 1071 cinerascentibus.

214 1181 389 1220 Descr.
448 1181 693 1234 Magnitudo
723 1181 795 1222 vix
826 1197 946 1238 supra
977 1186 1028 1223 A.
1058 1182 1262 1230 ferinam,
1291 1181 1360 1223 cui
1390 1182 1665 1239 dispositione
1695 1198 1761 1224 co-

77 1257 211 1297 lorum
244 1267 287 1295 et
316 1265 468 1294 statura
499 1256 728 1296 simillima.
790 1259 980 1298 Rostrum
1008 1259 1157 1307 latius,
1201 1258 1390 1306 brevius,
1438 1258 1600 1313 nigrum
1632 1274 1762 1314 usque

78 1333 129 1372 ad
160 1346 306 1379 nares,
335 1330 424 1371 basi
454 1332 769 1379 coerulescens‚
799 1334 981 1381 elatum,
1011 1334 1171 1387 angulis
1200 1334 1363 1388 longius
1393 1335 1572 1374 frontem
1606 1333 1762 1374 intran-

77 1407 213 1457 tibus,
245 1407 381 1447 nudis.
449 1409 578 1448 Irides
607 1409 752 1448 flavae.
821 1410 980 1465 Caput,
1022 1413 1172 1450 collum
1202 1420 1245 1448 et
1284 1425 1404 1463 prora
1434 1420 1520 1449 tota
1550 1424 1677 1463 usque
1710 1410 1763 1451 ad

78 1484 161 1523 alas
194 1483 407 1532 memma,
439 1484 555 1523 velut
584 1483 871 1532 holosericea,
916 1495 1038 1540 caput
1067 1485 1111 1524 in
1142 1484 1323 1525 maribus
1355 1484 1507 1524 adultis
1536 1483 1673 1525 nitore
1702 1500 1762 1526 se-

76 1559 191 1599 riceo
214 1558 404 1599 violaceo
433 1558 500 1598 vel
530 1560 778 1599 virescente.
836 1561 1003 1609 Pectus,
1034 1571 1194 1609 venter,
1226 1561 1536 1616 lzypoclzo÷2dria
1566 1562 1759 1602 candida.

77 1636 255 1675 Dorsum
284 1650 403 1689 supra
433 1635 516 1675 alas
555 1634 721 1674 lineolis
767 1634 896 1685 albis,
939 1635 1150 1691 nigrisque
1196 1634 1505 1690 elegantissime
1544 1636 1762 1676 undulato-

78 1726 253 1758 canum,
282 1711 422 1750 colore
451 1710 575 1766 pellis
605 1709 786 1750 sciureae
817 1709 1045 1764 hybernae.
1117 1713 1322 1760 Crissum‚
1367 1711 1483 1751 bases
1525 1711 1681 1751 alarum
1717 1722 1760 1751 et

76 1790 168 1827 alae
198 1790 359 1841 spuriae
390 1786 485 1826 albo
517 1785 719 1841 nigroque
748 1787 960 1826 undulata.
1027 1787 1329 1835 Subcauclales,
1371 1792 1619 1841 uropygium
1658 1797 1757 1826 atra.

77 1864 182 1904 Alae
212 1861 380 1916 nigrae,
413 1862 583 1918 speculo
614 1873 785 1916 angusto
815 1863 929 1912 albo,
963 1864 1072 1918 quod
1104 1862 1280 1902 efficitur
1308 1878 1329 1901 a
1361 1861 1586 1916 remigibus
1617 1876 1759 1901 secun-

79 1937 206 1979 dariis
256 1954 439 1978 11—22.
483 1938 603 1993 nigro
644 1938 880 1979 terminatis
911 1939 1040 1987 albis,
1085 1938 1234 1993 quibus
1277 1937 1495 1993 proximae
1532 1935 1756 1992 primariae

80 2022 241 2057 5—10.
284 2012 424 2054 medio
460 2028 599 2055 canae.
673 2016 876 2055 Tectrices
915 2014 1182 2055 secundariae
1223 2013 1341 2069 apice
1387 2013 1755 2055 albo-undulatae.

79 2090 228 2131 Gauda
257 2088 529 2139 brevissima,
560 2092 805 2140 rotundam,
849 2091 1016 2130 exolete
1046 2092 1181 2138 fusca3
1221 2095 1405 2132 rectrices
1440 2097 1498 2131 16.
1529 2105 1700 2144 quarum
1734 2105 1755 2128 2

80 2165 246 2206 mediae
276 2165 401 2221 paulo
429 2165 655 2207 breviores.
722 2167 848 2206 Pedes
888 2164 1020 2219 nigri3
1061 2167 1214 2220 digitus
1249 2171 1423 2207 exterior
1461 2164 1647 2206 medium
1691 2179 1754 2204 ae-

80 2253 204 2296 quat,
248 2246 393 2298 postici
422 2241 569 2296 unguis
615 2244 796 2282 aduncus
827 2252 978 2281 terram
1007 2257 1090 2282 non
1121 2241 1313 2296 adtingit.
1381 2243 1583 2282 Femina
1625 2240 1754 2280 fusco-

79 2316 340 2371 nigrescens,
373 2317 445 2358 ubi
475 2333 560 2357 mas
591 2318 831 2367 aterrimus‚
864 2318 1034 2358 decolor
1060 2329 1167 2364 tota,
1199 2317 1406 2373 syncipite
1435 2317 1545 2358 circa
1577 2327 1754 2356 rostrum

83 2393 191 2435 albo.
260 2394 451 2435 Mensura
483 2394 533 2435 ad
562 2394 811 2451 uropygium
847 2398 892 2435 1⁴.
925 2398 987 2437 3⁰.
1019 2398 1096 2448 9‘¹¹.
1128 2392 1249 2436 rostri
1282 2397 1341 2435 2¹¹.
1373 2393 1620 2449 (latitudine
1650 2407 1755 2433 sum-

1258 2477 1306 2512 32
