2175 2931
1127 201 1276 213 m

378 201 398 227 ιο

410 215 428 237 k)
410 199 428 212 J

439 201 464 240 4..

592 303 706 342 Anas
738 298 972 354 Cantigica,
1003 299 1105 340 Νου.
1136 299 1229 339 Act.
1261 299 1422 354 Petrop.
1455 299 1570 338 XIII.
1603 299 1684 339 tab,
1724 314 1778 338 ιο.

480 377 646 418 Aleutis
684 378 946 429 Kamghang.

507 457 554 492 In
584 451 730 492 insulis
762 466 900 491 versus
930 450 1171 491 Americam
1203 449 1386 491 extensis
1417 449 1636 506 frequens,
1666 448 1898 495 maritima,
1928 449 2055 490 etiam

375 528 534 584 laqueis
565 527 741 582 capitur.
799 526 1039 582 Specimina
1068 527 1259 582 plurima,
1292 526 1602 582 elegantissime
1632 527 1815 574 effare-ta,
1848 541 1899 565 ex
1922 525 2055 565 orien-

374 604 447 645 tali
478 602 746 658 navigatione
777 602 921 643 retulit
949 619 989 658 p.
1031 619 1086 643 m.
1117 606 1167 643 D.
1198 607 1250 643 D.
1289 604 1488 650 Mei-ck,
1526 617 1547 642 e
1584 602 1733 657 quibus
1769 603 1974 656 quaedam
2011 600 2057 641 in

369 684 561 722 Museum
593 679 848 719 Academiae
879 678 1216 734 Petropolitanae
1253 690 1544 735 pervenerunt.

507 758 675 796 Descr.
733 755 980 809 Magnitudo
1009 757 1060 794 A.
1092 753 1386 809 erythropodis
1417 765 1460 794 et
1489 755 1574 795 fere
1617 753 1800 795 habitus.
1866 755 2056 794 Rostrum

366 832 629 879 anserinum,
674 833 725 871 ad
756 832 936 871 frontem
968 829 1132 870 livido-
1151 831 1382 886 pallidum,
1427 829 1537 870 inter
1577 845 1695 870 nares
1725 830 1860 885 nigras
1891 830 2051 878 rubens,

367 907 565 949 lateribus
596 907 826 963 pallidum,
859 905 1112 961 marginibus
1141 917 1182 945 et
1216 904 1388 945 maxilla
1416 904 1615 945 inferiore
1645 904 1799 960 nigris,
1830 919 1967 960 ungue
2000 905 2054 944 al-

366 985 495 1033 bido,
528 984 647 1038 nigro
679 983 925 1037 marginato.
996 983 1124 1022 Irides
1161 992 1340 1021 saturate
1385 980 1620 1020 coeruleae.
1689 982 1823 1036 Caput
1865 983 2056 1036 (praeter

368 1060 506 1114 gulam
540 1061 654 1099 fusco
683 1060 923 1110 lituratam)
955 1072 1050 1097 cum
1080 1058 1278 1097 continua
1308 1055 1472 1097 cervice
1503 1055 1742 1096 candidum.
1773 1058 1936 1097 Collum
1965 1057 2055 1096 sub-

363 1146 427 1175 tus
461 1136 634 1176 Fuscum.
690 1136 897 1189 Jugulum,
934 1133 1181 1187 dorsumque
1212 1143 1252 1172 et
1289 1133 1420 1172 latera
1450 1133 1898 1182 cano-coerulescunt,
1930 1143 2057 1172 trans-

364 1210 492 1251 versis
523 1212 695 1251 arcubus
725 1211 886 1266 plumas
916 1207 1239 1249 terminantibus
1268 1207 1416 1263 nigro·
1435 1208 1540 1249 albis
1572 1209 1741 1249 doliata.
1816 1210 1960 1249 Venter
2000 1207 2054 1247 al-

364 1288 441 1328 bus
471 1286 699 1327 obsoletius
730 1286 898 1326 cinereo
929 1285 1164 1324 undulatus.
1239 1286 1420 1324 Crissum
1448 1299 1542 1324 cum
1573 1286 1704 1324 cauda
1733 1283 1915 1323 niveum.
1982 1284 2054 1323 Re-

365 1368 494 1416 miges
523 1362 726 1418 primores
757 1363 920 1409 fuscae,
964 1358 1114 1400 rhachi
1147 1360 1239 1399 alba
1269 1359 1455 1413 reliquae
1485 1358 1791 1413 nigrescenteS,
1839 1358 1954 1399 disco
1992 1374 2055 1399 ca·

365 1448 589 1486 nescente,
624 1439 800 1491 alboque
833 1436 1113 1490 marginatae‚
1146 1445 1190 1474 ut
1220 1445 1262 1474 et
1292 1433 1502 1474 tectrices.
1574 1436 1701 1475 Pedes
1736 1434 1864 1483 fulvi,
1910 1434 2054 1489 ungui-

364 1515 439 1554 bus
469 1512 610 1568 nigris.
672 1512 835 1552 Pondus
864 1519 886 1552 6
918 1510 1043 1551 libras
1074 1511 1257 1551 excedit.
1317 1510 1555 1564 Longitudo
1585 1526 1606 1549 a
1635 1521 1767 1551 rostro
1797 1511 1847 1550 ad
1870 1520 2054 1550 sternum

367 1590 422 1643 7''.
455 1588 524 1630 6”’.
557 1589 608 1630 ad
637 1586 887 1643 uropygium
924 1587 965 1625 1'.
998 1587 1054 1625 2¹2
1097 1586 1163 1624 o'‘'.

875 1892 1006 1944 LIV.
1080 1892 1533 1945 ANATES.

506 2126 688 2172 Anates,
719 2121 831 2161 inter
862 2120 1159 2162 serratirostres
1189 2123 1326 2172 Aves,
1372 2120 1488 2177 quasi
1530 2119 1635 2162 levis
1680 2130 1909 2161 armaturae
1939 2119 2049 2160 mih-

366 2212 454 2251 tes‚
486 2200 708 2248 imbelles,
740 2197 892 2247 mites,
926 2198 1081 2252 agiles,
1112 2197 1306 2253 lepidae,
1352 2198 1566 2252 garrulae,
1613 2212 1805 2243 voraces,
1847 2196 1891 2237 in
1921 2210 2050 2236 vene-

366 2292 451 2317 rem
498 2290 678 2332 pronae,
722 2274 979 2322 foecundae,
1023 2274 1138 2315 omni
1179 2274 1403 2329 pleraeque
1445 2274 1616 2314 climate
1657 2284 1906 2319 contentae,
1948 2273 2046 2312 dum

370 2367 496 2396 aquae
528 2367 611 2392 non
643 2349 803 2397 desint3
836 2366 858 2390 a
888 2349 1046 2405 Cygnis
1076 2361 1119 2390 et
1147 2350 1399 2398 Anseribus,
1430 2349 1493 2390 uti
1522 2354 1625 2391 mole
1655 2347 1860 2404 corporis,
1892 2349 1949 2387 ita
1978 2349 2045 2385 ha-

371 2426 482 2478 buu,
512 2437 640 2467 rostro
670 2424 860 2478 imbelli,
893 2427 1114 2483 depresso,
1157 2440 1302 2480 gressu
1330 2425 1555 2467 vacillante
1574 2457 1584 2477 ,
1628 2430 1857 2481 plumarum
1898 2432 2041 2462 ornatu
