2175 2931
380 149 406 190 8
1150 153 1289 170 aun—-

520 257 567 296 In
597 254 712 295 omni
743 252 888 294 Rossia
917 261 958 292 et
987 247 1164 298 Sibiria‚
1208 246 1334 287 etiam
1365 243 1545 286 maxime
1574 245 1808 288 borealibus
1837 248 1940 289 locis
1969 249 2044 289 fre-

381 344 510 385 quens
541 329 651 375 avis,
692 341 887 369 autumno
916 341 1008 367 cum
1038 321 1254 363 Emberiza
1284 320 1414 360 nivali
1443 323 1493 361 ab
1523 333 1635 362 arcto
1666 324 1914 373 adventans,
1944 322 2045 378 hye-

382 420 450 444 me
481 405 590 444 circa
619 403 768 443 horrea
798 414 838 443 et
867 403 909 442 in
940 399 1066 454 sylvis
1096 395 1304 452 gregaria,
1332 397 1441 436 unde
1465 407 1561 436 tunc
1591 396 1635 436 in
1659 396 1830 446 Rossia,
1861 397 2044 438 maxime

380 494 456 534 pro
486 478 707 526 urbicolis,
748 478 913 533 copiose
945 476 995 514 ad
1025 473 1164 514 cibum
1197 470 1369 526 capitur.
1427 470 1611 510 Pascitur
1641 470 1844 525 gemmis,
1874 471 2046 511 turioni-

380 555 455 594 bus
473 583 485 600 ,
514 552 738 593 seminibus
768 551 900 591 variis.
942 552 1112 589 Aestate
1143 546 1407 602 dispergitur.
1439 546 1592 585 Niciam
1621 545 1742 585 struit
1769 544 1957 594 ramulis,
1986 546 2046 586 in<

379 628 507 667 terius
541 625 734 667 radiculis
763 625 1007 681 quibusdam
1036 622 1302 671 rubentibus,
1343 622 1509 661 demum
1538 621 1635 676 pilis
1666 621 1828 676 equinis
1846 655 1855 668 ,
1887 620 2045 661 aliisve.

382 702 532 742 Tribus
563 701 801 757 septimanis
831 700 1015 739 incubat.
1087 698 1177 737 Ουα
1207 695 1654 737 coerulescenti-alba.
1713 699 1760 735 In
1789 694 2045 737 Camtschat-

380 790 428 815 ca
457 791 619 830 quoque
650 775 737 815 dari
755 806 767 822 ‚
821 776 847 814 S
863 785 877 814 t
895 777 1051 814 eller.
1107 770 1269 811 Anethi
1299 785 1440 810 semen
1475 785 1681 812 venenum
1710 771 1776 811 illi
1805 768 2047 827 praesentis-

381 848 530 889 simum
558 865 669 899 esse,
702 854 747 890 E.
779 853 838 889 M.
870 850 1140 887 Dacosta.

518 926 635 964 Not.
681 926 893 964 Foeminae
929 923 972 961 in
1003 921 1153 962 Sibiria
1189 920 1349 975 saepius
1384 931 1494 959 totae
1544 918 2049 976 plumbeo-canescentis,

381 998 522 1038 subtus
552 998 757 1038 dilutioris
787 1009 879 1037 sunt
908 996 1081 1043 coloris,
1125 995 1329 1050 uropygio
1359 1006 1496 1034 tamen
1528 996 1678 1045 niveo,
1720 995 1877 1035 vertice
1908 1008 2047 1034 coeru-

381 1071 808 1112 lescenti-aterrirno.
881 1073 1018 1126 Vulgo
1049 1082 1184 1110 autem
1213 1069 1371 1109 ibidem
1402 1081 1493 1109 sunt
1522 1069 1686 1110 vinacei
1715 1071 1854 1109 subtus
1884 1066 2048 1116 coloris,

378 1144 465 1183 fere
492 1146 703 1199 palumbi,
735 1158 779 1187 ut
808 1147 853 1187 in
884 1145 1028 1186 Rossia
1052 1157 1092 1184 et
1114 1148 1277 1198 Europa
1306 1143 1478 1198 reliqua.
1536 1145 1734 1184 Rectrices
1763 1154 1880 1183 extus
1909 1155 2048 1179 coeru-

377 1218 538 1263 lantes‚·
569 1220 724 1259 alarum
755 1225 934 1260 tecerices
962 1218 1184 1272 primariae
1216 1215 1626 1254 fuscescenti-canae
1645 1245 1656 1261 ‚
1686 1215 1946 1254 secundariae
1975 1229 2045 1252 ex-

379 1291 589 1331 tremitate
619 1290 1005 1346 plumbeo-canae,
1036 1289 1125 1329 basi
1155 1288 1335 1328 exterius
1366 1298 1452 1328 atro
1482 1288 1766 1338 coerulantes,
1798 1287 2048 1328 constituen-

378 1375 443 1405 tes
472 1365 641 1406 fasciam
679 1368 766 1407 alae
804 1379 1008 1421 expansae
1047 1364 1268 1404 cineream.
1340 1363 1500 1403 Pondus
1530 1362 1696 1402 feminis
1726 1377 1847 1418 saepe
1877 1361 1949 1402 vix
1978 1377 2048 1401 un-

380 1439 511 1488 ciale3
541 1441 732 1481 masculis
755 1453 795 1493 9÷
813 1440 1124 1488 drachmarum,
1155 1452 1230 1478 nec
1259 1438 1379 1478 ultra.
1423 1437 1659 1493 Longitudo
1689 1442 1863 1479 intestini
1879 1443 1927 1479 25
1945 1436 2047 1492 poll.

382 1516 516 1556 Coeca
544 1518 714 1571 parvula
751 1517 831 1564 ιζ’.

474 1641 584 1682 180.
623 1640 657 1680 P
686 1639 722 1681 Y
752 1640 790 1682 R
822 1640 861 1681 R
889 1639 934 1682 H
961 1639 1002 1681 U
1030 1639 1063 1680 L
1092 1637 1132 1679 A
1180 1637 1490 1694 erythrina.
1542 1635 1691 1683 TAB.
1739 1634 1959 1677 XXXVI.

520 1743 562 1780 P.
591 1752 721 1781 rostro
751 1741 1007 1786 minusculo,
1037 1752 1208 1794 corpore
1240 1736 1399 1790 (maris)
1430 1737 1579 1784 rubro,
1623 1736 1763 1775 subtus
1794 1734 1958 1784 albido,
1991 1750 2048 1775 ar·

383 1814 503 1855 tubus
533 1814 670 1855 fuscis.

605 1888 884 1942 Erythraeus,
936 1885 1108 1942 passeris
1137 1899 1287 1939 genus,
1342 1884 1618 1924 Messerschm.
1663 1898 1747 1922 orn.
1789 1883 1877 1923 MS.
1908 1885 1977 1923 IV.
2009 1901 2046 1938 p.

662 1971 752 2012 541.
783 1979 819 2002 η.
852 1970 916 2012 94.

603 2036 734 2076 Loxia
776 2034 1012 2090 erythrina,
1068 2035 1172 2074 Pall.
1211 2033 1315 2072 Nov.
1347 2034 1461 2073 Com.
1491 2033 1596 2072 Petr.
1625 2033 1736 2072 XW.
1769 2048 1808 2086 p.
1841 2038 1932 2086 587.
1964 2034 2047 2074 tab.

661 2118 724 2151 23.
745 2113 828 2164 fig.
864 2127 895 2149 1.

609 2190 625 2225 2
656 2184 854 2238 Fringilla
884 2185 1096 2231 flammea,
1127 2185 1214 2222 Lin.
1248 2192 1354 2236 syst.
1385 2183 1478 2221 XII.
1509 2184 1542 2223 I.
1573 2199 1611 2237 p.
1642 2189 1733 2223 322.
1765 2184 1892 2222 Faun.
1922 2198 1979 2222 su.
2008 2197 2046 2221 η.

664 2265 752 2299 238.
794 2260 971 2298 Brisson.
1015 2274 1098 2298 orn.
1140 2260 1214 2296 ΙΙΙ.
1259 2273 1298 2312 p.
1348 2263 1434 2299 155.
1476 2259 1525 2298 E.
1569 2259 1756 2298 Latham.
1785 2271 1876 2310 syn.
1907 2257 1978 2296 IV.
2008 2272 2047 2310 p.

662 2340 752 2383 259.
782 2332 864 2372 tab.
895 2342 960 2384 47.
