2175 2931
398 194 486 235 214
1165 206 1312 214 ——.

397 295 537 345 edita,
569 295 781 349 longeque
814 290 1083 334 exaudienda
1124 297 1343 347 poetarum
1384 290 1526 332 laudes
1570 293 1658 345 jure
1700 291 1853 332 meruit
1896 304 1937 333 et
1977 293 2087 349 apud

393 372 541 427 vulgus
586 375 810 411 Rossorum
851 380 895 409 et
934 369 1203 409 barbarorum
1242 366 1413 408 nomine
1455 367 1554 408 inde
1594 366 1876 421 distinguitur.
1926 365 2089 410 ‘Etiam

397 463 503 504 quae
533 448 584 487 de
615 444 833 486 morientis
865 444 1004 500 Cygni
1032 443 1217 484 carmine
1246 445 1488 494 traduntur,
1531 459 1615 484 non
1661 444 1779 483 omni
1816 444 2088 485 fundamento

397 534 568 570 carent,
598 521 941 578 quandoquidem
972 520 1142 561 mortali
1172 521 1344 561 vulnere
1373 531 1506 561 tactus
1536 521 1653 570 Olor,
1685 519 1881 560 ultimum
1910 521 2086 562 reddens

395 598 605 646 halitum,
634 597 818 638 similem
849 613 1020 647 sonum,
1052 604 1145 638 a'ere
1177 612 1199 638 e
1229 596 1402 638 trachea
1432 596 1697 653 exspirante,
1736 597 1894 652 profert
1924 607 1966 637 et

618 673 712 724 Sic,
746 674 819 714 ubi
849 675 933 715 fata
964 685 1136 725 vocant,
1170 673 1263 714 udis
1294 675 1479 728 abjectus
1506 673 1549 714 in
1581 672 1748 723 herbis,

679 752 749 791 Ad
780 752 886 792 vada
917 750 1137 791 Maeandri
1166 749 1354 791 concinit
1385 750 1500 791 albus
1530 750 1647 791 Olor.

532 828 574 869 N
582 838 643 869 οε.
682 846 714 868 ι.
775 829 815 868 V
813 833 964 869 ariecas
994 827 1152 883 duplex
1183 826 1324 868 Oloris
1353 826 1396 866 in
1427 825 1581 867 Sibiria
1619 827 1884 868 observatur:

477 927 516 949 α.
564 906 748 960 Major,
795 903 929 959 qualis
961 907 1151 959 Europae
1182 913 1224 942 et
1254 901 1427 942 Rossiae
1459 900 1681 942 maritimis
1712 915 1801 941 esse
1837 903 1969 953 solet,
2014 902 2086 958 qui

393 982 579 1038 pondere
608 981 855 1036 plerumque
886 978 1014 1019 libras
1043 978 1243 1034 triginta,
1274 979 1343 1019 vel
1371 976 1795 1033 triginta-quinque,
1834 978 1963 1018 rarius
1992 994 2089 1033 qua-

393 1056 586 1112 draginta
617 1057 802 1097 medicas
833 1067 997 1110 aequat.
1053 1054 1243 1095 Juniores
1274 1070 1296 1094 a
1329 1061 1378 1095 26
1410 1055 1461 1094 ad
1492 1061 1540 1095 30
1572 1053 1698 1094 libras
1728 1056 1926 1110 pendent.
1977 1054 2088 1096 Huic

392 1136 565 1186 remiges
595 1139 659 1173 36.
691 1137 878 1173 rectrices
911 1149 974 1171 20.
1032 1131 1160 1171 Irides
1189 1131 1420 1171 subfulvae.
1492 1132 1608 1171 Cutis
1635 1141 1727 1170 toto
1756 1145 1929 1187 corpore
1959 1132 2086 1171 fusca.

395 1208 582 1248 Trachea
612 1222 740 1262 usque
771 1207 815 1248 in
846 1206 975 1247 sterni
1004 1206 1140 1247 sinum
1171 1218 1309 1257 recta,
1343 1222 1604 1263 compressa,
1634 1205 1735 1247 hinc
1764 1218 1871 1248 teres
1903 1208 2010 1248 facta
2043 1217 2086 1247 et

391 1283 550 1324 celebri
581 1284 767 1324 anfractu
793 1285 977 1323 flexuosa
1007 1283 1224 1324 thoracem
1256 1284 1424 1323 demum
1454 1282 1698 1336 ingreditur.
1758 1271 1997 1324 Intestinum
2024 1292 2085 1334 14.

394 1359 523 1414 pedes
554 1359 640 1399 sere
671 1370 849 1414 aequat3
881 1375 1001 1400 coeca
1030 1359 1213 1414 pedalia.
1273 1359 1488 1400 Vertebrae
1517 1356 1619 1398 colli
1651 1364 1715 1399 23.
1754 1358 1809 1399 Hi
1836 1360 2084 1415 plerumque

393 1433 698 1475 candidissimi.

476 1514 519 1558 β.
549 1511 720 1551 Minor
750 1509 905 1558 altera,
950 1509 1096 1565 quinta
1136 1510 1222 1551 fere
1265 1522 1383 1566 parte
1423 1511 1701 1566 longitudinis
1740 1510 1873 1567 priori
1903 1513 2082 1564 cedens,

393 1585 578 1641 pondere
609 1585 778 1626 circiter
814 1593 859 1626 16
889 1586 1103 1626 librarum.
1161 1586 1290 1627 Irides
1319 1585 1420 1627 huic
1450 1586 1755 1628 cinerascentes
1785 1587 1853 1628 vel
1882 1588 2081 1643 pallidae.

392 1661 583 1702 Rostrum
611 1662 742 1701 forma
772 1660 1088 1716 praecedenti8‚
1131 1662 1221 1702 basi
1251 1662 1423 1704 fulvum.
1492 1665 1695 1704 Rectrices
1742 1670 1801 1704 18.
1832 1664 1900 1704 vel
1931 1682 1994 1705 ρο.
2025 1680 2081 1706 re-

393 1741 523 1792 miges
552 1743 618 1788 34.
648 1752 772 1793 saepe
803 1745 867 1778 32.
925 1739 1041 1778 Cutis
1069 1737 1392 1789 livido-rubet,
1423 1739 1540 1795 quasi
1572 1739 1722 1794 frigore
1753 1751 1913 1781 exusta.
1954 1743 2080 1781 Fron-

396 1812 477 1863 tis,
509 1812 706 1863 verticis,
741 1813 927 1869 collique
957 1815 1124 1870 plumae
1155 1815 1274 1872 apice
1294 1817 1798 1868 fitlvescente-aureolae;
1843 1814 1974 1856 latera
2015 1831 2079 1857 ca-

391 1888 492 1944 pitis
523 1890 765 1931 obsoletius.
849 1891 1143 1947 Palpebrarum
1172 1892 1378 1946 margines
1407 1891 1533 1940 nudi,
1576 1889 1688 1930 flavi.
1760 1893 1836 1943 (In
1873 1891 2079 1946 ejusmodi

389 1964 593 2005 varietate
634 1967 686 2006 ad
731 1966 952 2020 Selengam
992 1967 1201 2022 descripta
1231 1966 1465 2007 mensuravi
1508 1966 1819 2021 longitudinem
1849 1984 1870 2007 a
1914 1982 2076 2008 summo

390 2051 523 2081 rostro
556 2042 606 2081 ad
635 2042 886 2097 uropygium
918 2043 966 2084 δ’.
1005 2042 1085 2082 ιο”.
1119 2061 1154 2083 0.
1200 2044 1251 2084 ad
1295 2041 1491 2083 humeros
1535 2044 1581 2082 ρ’.
1613 2048 1671 2083 5“.
1704 2044 1773 2083 8⁰².
1811 2045 1862 2084 ad
1892 2043 2074 2084 nucham

390 2119 451 2168 7⁰.
482 2122 552 2157 5“‘.
585 2117 706 2158 rostri
737 2119 788 2158 ad
818 2119 997 2159 frontem
1029 2124 1084 2169 [β.
1117 2120 1168 2160 ad
1198 2119 1368 2174 angulos
1398 2118 1480 2159 oris
1510 2118 1568 2160 δ”.
1598 2120 1666 2170 9”’.
1709 2118 1978 2160 altitudinem
2005 2121 2073 2160 ba-

389 2206 478 2233 seos
507 2194 630 2234 rostri
667 2198 719 2234 1⁰.
753 2197 820 2246 9¹⁰.
854 2195 1121 2236 latitudinem
1153 2195 1334 2236 extremi
1369 2199 1422 2235 1''.
1455 2195 1548 2243 33³2
1580 2210 1781 2251 expansas
1811 2196 1893 2236 alas
1931 2202 1979 2237 6¹.
2011 2199 2069 2249 7‘'.

391 2283 427 2307 ο.
458 2269 598 2309 ulnam
630 2271 783 2311 alarum
823 2271 865 2311 1'.
902 2273 980 2312 11''.
1013 2273 1081 2313 3⁰².
1113 2271 1224 2326 long.
1257 2274 1413 2312 caudae
1445 2273 1504 2314 δ”.
1536 2274 1604 2314 3'''.
1635 2271 1765 2313 tibiae
1795 2278 1854 2323 4⁰.
1893 2273 1980 2315 13⁰².
2011 2271 2070 2312 di-

389 2342 467 2396 giti
498 2346 632 2386 medii
664 2348 720 2389 5'‘.
753 2347 843 2402 δ’.)
915 2349 1077 2388 Collum
1118 2348 1204 2387 fere
1234 2348 1425 2403 longiuS‚
1470 2361 1729 2404 rostrumque
1771 2349 1898 2404 paulo
1940 2349 2069 2399 majus

388 2431 511 2474 quarn
540 2421 584 2461 in
614 2421 764 2476 priore.
828 2424 1033 2465 Tracheae
1061 2422 1167 2464 rami
1195 2439 1304 2475 non,
1336 2436 1381 2465 ut
1409 2424 1548 2476 illius,
1580 2424 1845 2482 ampullacei.
1885 2425 2068 2463 Intestini
