<?xml version="1.0" encoding="UTF-8"?>
<!DOCTYPE html PUBLIC "-//W3C//DTD XHTML 1.0 Transitional//EN"
    "http://www.w3.org/TR/xhtml1/DTD/xhtml1-transitional.dtd">
<html xmlns="http://www.w3.org/1999/xhtml" xml:lang="en" lang="en">
 <head>
  <title>
</title>
<meta http-equiv="Content-Type" content="text/html;charset=utf-8" />
  <meta name='ocr-system' content='tesseract 3.04.00' />
  <meta name='ocr-capabilities' content='ocr_page ocr_carea ocr_par ocr_line ocrx_word'/>
</head>
<body>
  <div class='ocr_page' id='page_1' title='image "./zoographiarossoa22pall_0120.png"; bbox 0 0 2175 2931; ppageno 0'>
   <div class='ocr_carea' id='block_1_1' title="bbox 379 200 1293 242">
    <p class='ocr_par' dir='ltr' id='par_1_1' title="bbox 379 200 1293 242">
     <span class='ocr_line' id='line_1_1' title="bbox 379 200 1293 242; baseline -0.007 -12"><span class='ocrx_word' id='word_1_1' title='bbox 379 200 464 242; x_wconf 80' lang='lat'>104</span> <span class='ocrx_word' id='word_1_2' title='bbox 1146 200 1293 224; x_wconf 52' lang='lat' dir='ltr'>m</span> 
     </span>
    </p>
   </div>
   <div class='ocr_carea' id='block_1_2' title="bbox 356 298 2052 2253">
    <p class='ocr_par' dir='ltr' id='par_1_2' title="bbox 480 298 1816 434">
     <span class='ocr_line' id='line_1_2' title="bbox 485 298 1816 358; baseline 0.001 -15"><span class='ocrx_word' id='word_1_3' title='bbox 485 300 722 344; x_wconf 83' lang='lat' dir='ltr'>Calmuccis</span> <span class='ocrx_word' id='word_1_4' title='bbox 751 301 890 348; x_wconf 74' lang='lat' dir='ltr'>Zenn5</span> <span class='ocrx_word' id='word_1_5' title='bbox 918 298 1105 342; x_wconf 82' lang='lat' dir='ltr'>Buraetis</span> <span class='ocrx_word' id='word_1_6' title='bbox 1134 300 1309 355; x_wconf 64' lang='lat' dir='ltr'>Zagkm-</span> <span class='ocrx_word' id='word_1_7' title='bbox 1331 302 1511 358; x_wconf 72' lang='lat' dir='ltr'>Toegerz‘i</span> <span class='ocrx_word' id='word_1_8' title='bbox 1541 302 1651 354; x_wconf 76' lang='lat' dir='ltr'>(alba</span> <span class='ocrx_word' id='word_1_9' title='bbox 1679 304 1816 357; x_wconf 87' lang='lat' dir='ltr'>Grus).</span> 
     </span>
     <span class='ocr_line' id='line_1_3' title="bbox 480 377 1648 434; baseline 0.003 -16"><span class='ocrx_word' id='word_1_10' title='bbox 480 377 690 434; x_wconf 88' lang='lat' dir='ltr'>Tungusis</span> <span class='ocrx_word' id='word_1_11' title='bbox 721 379 772 419; x_wconf 86' lang='lat' dir='ltr'>ad</span> <span class='ocrx_word' id='word_1_12' title='bbox 803 377 1063 431; x_wconf 81' lang='lat' dir='ltr'>Chatangam</span> <span class='ocrx_word' id='word_1_13' title='bbox 1093 378 1256 426; x_wconf 65' lang='lat' dir='ltr'>Gashiz3</span> <span class='ocrx_word' id='word_1_14' title='bbox 1287 379 1471 420; x_wconf 86' lang='lat' dir='ltr'>Lamutis</span> <span class='ocrx_word' id='word_1_15' title='bbox 1500 382 1648 421; x_wconf 75' lang='lat' dir='ltr'>Kidok.</span> 
     </span>
    </p>

    <p class='ocr_par' dir='ltr' id='par_1_3' title="bbox 486 453 1625 511">
     <span class='ocr_line' id='line_1_4' title="bbox 486 453 1625 511; baseline 0.003 -17"><span class='ocrx_word' id='word_1_16' title='bbox 486 453 717 508; x_wconf 81' lang='lat' dir='ltr'>Samojedis</span> <span class='ocrx_word' id='word_1_17' title='bbox 745 455 906 494; x_wconf 78' lang='lat' dir='ltr'>Ne&#39;naz&#39;-</span> <span class='ocrx_word' id='word_1_18' title='bbox 925 454 1078 499; x_wconf 46' lang='lat' dir='ltr'>charim-</span> <span class='ocrx_word' id='word_1_19' title='bbox 1109 453 1297 495; x_wconf 85' lang='lat' dir='ltr'>Coibalis</span> <span class='ocrx_word' id='word_1_20' title='bbox 1331 456 1625 511; x_wconf 71' lang='lat' dir='ltr'>Chasgalasch.</span> 
     </span>
    </p>

    <p class='ocr_par' dir='ltr' id='par_1_4' title="bbox 358 528 2052 2026">
     <span class='ocr_line' id='line_1_5' title="bbox 510 528 2051 589; baseline 0.003 -20"><span class='ocrx_word' id='word_1_21' title='bbox 510 533 559 569; x_wconf 94' lang='lat' dir='ltr'>In</span> <span class='ocrx_word' id='word_1_22' title='bbox 590 530 832 570; x_wconf 74' lang='lat' dir='ltr'>australibus</span> <span class='ocrx_word' id='word_1_23' title='bbox 863 528 972 569; x_wconf 87' lang='lat' dir='ltr'>circa</span> <span class='ocrx_word' id='word_1_24' title='bbox 1003 530 1182 585; x_wconf 86' lang='lat' dir='ltr'>Volgam</span> <span class='ocrx_word' id='word_1_25' title='bbox 1212 541 1254 571; x_wconf 88' lang='lat' dir='ltr'>et</span> <span class='ocrx_word' id='word_1_26' title='bbox 1281 547 1394 572; x_wconf 82' lang='lat' dir='ltr'>mare</span> <span class='ocrx_word' id='word_1_27' title='bbox 1425 532 1610 588; x_wconf 85' lang='lat' dir='ltr'>caspium</span> <span class='ocrx_word' id='word_1_28' title='bbox 1653 546 1751 572; x_wconf 83' lang='lat' dir='ltr'>vere</span> <span class='ocrx_word' id='word_1_29' title='bbox 1786 543 1947 573; x_wconf 83' lang='lat' dir='ltr'>tantum</span> <span class='ocrx_word' id='word_1_30' title='bbox 1976 548 2051 589; x_wconf 78' lang='lat' dir='ltr'>per</span> 
     </span>
     <span class='ocr_line' id='line_1_6' title="bbox 371 606 2052 662; baseline 0.003 -17"><span class='ocrx_word' id='word_1_31' title='bbox 371 606 487 661; x_wconf 84' lang='lat' dir='ltr'>paria</span> <span class='ocrx_word' id='word_1_32' title='bbox 516 606 724 646; x_wconf 85' lang='lat' dir='ltr'>trans-vola</span> <span class='ocrx_word' id='word_1_33' title='bbox 755 607 1019 656; x_wconf 82' lang='lat' dir='ltr'>observatur,</span> <span class='ocrx_word' id='word_1_34' title='bbox 1065 617 1107 646; x_wconf 85' lang='lat' dir='ltr'>et</span> <span class='ocrx_word' id='word_1_35' title='bbox 1148 606 1234 647; x_wconf 89' lang='lat' dir='ltr'>cito</span> <span class='ocrx_word' id='word_1_36' title='bbox 1263 606 1308 648; x_wconf 88' lang='lat' dir='ltr'>in</span> <span class='ocrx_word' id='word_1_37' title='bbox 1343 608 1575 649; x_wconf 71' lang='lat' dir='ltr'>bor-ealiora</span> <span class='ocrx_word' id='word_1_38' title='bbox 1617 607 1779 662; x_wconf 80' lang='lat' dir='ltr'>migrat.</span> <span class='ocrx_word' id='word_1_39' title='bbox 1852 610 2052 650; x_wconf 77' lang='lat' dir='ltr'>Abundat</span> 
     </span>
     <span class='ocr_line' id='line_1_7' title="bbox 369 681 2052 740; baseline 0.002 -18"><span class='ocrx_word' id='word_1_40' title='bbox 369 681 617 738; x_wconf 82' lang='lat' dir='ltr'>praesertim</span> <span class='ocrx_word' id='word_1_41' title='bbox 646 681 689 722; x_wconf 88' lang='lat' dir='ltr'>in</span> <span class='ocrx_word' id='word_1_42' title='bbox 719 681 941 738; x_wconf 83' lang='lat' dir='ltr'>paludibus</span> <span class='ocrx_word' id='word_1_43' title='bbox 984 693 1025 722; x_wconf 90' lang='lat' dir='ltr'>et</span> <span class='ocrx_word' id='word_1_44' title='bbox 1066 682 1324 724; x_wconf 84' lang='lat' dir='ltr'>arundinetis</span> <span class='ocrx_word' id='word_1_45' title='bbox 1365 699 1605 740; x_wconf 84' lang='lat' dir='ltr'>camporum</span> <span class='ocrx_word' id='word_1_46' title='bbox 1636 683 1956 725; x_wconf 80' lang='lat' dir='ltr'>Ischimensium</span> <span class='ocrx_word' id='word_1_47' title='bbox 1995 696 2052 726; x_wconf 86' lang='lat' dir='ltr'>at-</span> 
     </span>
     <span class='ocr_line' id='line_1_8' title="bbox 372 757 2050 814; baseline 0.002 -16"><span class='ocrx_word' id='word_1_48' title='bbox 372 772 453 813; x_wconf 88' lang='lat' dir='ltr'>que</span> <span class='ocrx_word' id='word_1_49' title='bbox 484 757 808 806; x_wconf 82' lang='lat' dir='ltr'>Barabensium3</span> <span class='ocrx_word' id='word_1_50' title='bbox 850 774 925 814; x_wconf 86' lang='lat' dir='ltr'>per</span> <span class='ocrx_word' id='word_1_51' title='bbox 967 758 1171 814; x_wconf 83' lang='lat' dir='ltr'>reliquam</span> <span class='ocrx_word' id='word_1_52' title='bbox 1214 759 1409 800; x_wconf 86' lang='lat' dir='ltr'>Sibiriam</span> <span class='ocrx_word' id='word_1_53' title='bbox 1454 760 1569 800; x_wconf 82' lang='lat' dir='ltr'>etin</span> <span class='ocrx_word' id='word_1_54' title='bbox 1598 759 1781 800; x_wconf 80' lang='lat' dir='ltr'>maxime</span> <span class='ocrx_word' id='word_1_55' title='bbox 1811 761 2050 801; x_wconf 80' lang='lat' dir='ltr'>borealibus</span> 
     </span>
     <span class='ocr_line' id='line_1_9' title="bbox 368 833 2051 892; baseline 0.002 -19"><span class='ocrx_word' id='word_1_56' title='bbox 368 833 500 874; x_wconf 86' lang='lat' dir='ltr'>rarior</span> <span class='ocrx_word' id='word_1_57' title='bbox 530 833 630 875; x_wconf 85' lang='lat' dir='ltr'>avis.</span> <span class='ocrx_word' id='word_1_58' title='bbox 698 837 840 890; x_wconf 87' lang='lat' dir='ltr'>Usque</span> <span class='ocrx_word' id='word_1_59' title='bbox 870 836 921 875; x_wconf 86' lang='lat' dir='ltr'>ad</span> <span class='ocrx_word' id='word_1_60' title='bbox 951 834 1084 875; x_wconf 87' lang='lat' dir='ltr'>sinum</span> <span class='ocrx_word' id='word_1_61' title='bbox 1111 836 1328 876; x_wconf 87' lang='lat' dir='ltr'>Obensem</span> <span class='ocrx_word' id='word_1_62' title='bbox 1358 848 1499 876; x_wconf 83' lang='lat' dir='ltr'>tamen</span> <span class='ocrx_word' id='word_1_63' title='bbox 1531 837 1746 877; x_wconf 86' lang='lat' dir='ltr'>observata</span> <span class='ocrx_word' id='word_1_64' title='bbox 1791 847 1877 887; x_wconf 84' lang='lat' dir='ltr'>est,</span> <span class='ocrx_word' id='word_1_65' title='bbox 1921 852 2051 892; x_wconf 88' lang='lat' dir='ltr'>quum</span> 
     </span>
     <span class='ocr_line' id='line_1_10' title="bbox 369 909 2049 968; baseline 0.002 -19"><span class='ocrx_word' id='word_1_66' title='bbox 369 909 558 964; x_wconf 75' lang='lat' dir='ltr'>vulgares</span> <span class='ocrx_word' id='word_1_67' title='bbox 588 912 717 950; x_wconf 87' lang='lat' dir='ltr'>Grues</span> <span class='ocrx_word' id='word_1_68' title='bbox 746 921 910 951; x_wconf 81' lang='lat' dir='ltr'>tantum</span> <span class='ocrx_word' id='word_1_69' title='bbox 943 912 993 951; x_wconf 78' lang='lat' dir='ltr'>ad</span> <span class='ocrx_word' id='word_1_70' title='bbox 1011 910 1276 952; x_wconf 84' lang='lat' dir='ltr'>Obdoriense</span> <span class='ocrx_word' id='word_1_71' title='bbox 1307 911 1612 952; x_wconf 75' lang='lat' dir='ltr'>munimentum</span> <span class='ocrx_word' id='word_1_72' title='bbox 1642 927 1770 967; x_wconf 83' lang='lat' dir='ltr'>usque</span> <span class='ocrx_word' id='word_1_73' title='bbox 1788 911 2049 968; x_wconf 82' lang='lat' dir='ltr'>perveniant.</span> 
     </span>
     <span class='ocr_line' id='line_1_11' title="bbox 367 985 2051 1043; baseline 0.002 -19"><span class='ocrx_word' id='word_1_74' title='bbox 367 985 506 1025; x_wconf 81' lang='lat' dir='ltr'>Etiam</span> <span class='ocrx_word' id='word_1_75' title='bbox 536 986 587 1026; x_wconf 86' lang='lat' dir='ltr'>ad</span> <span class='ocrx_word' id='word_1_76' title='bbox 616 989 772 1027; x_wconf 80' lang='lat' dir='ltr'>Lenam</span> <span class='ocrx_word' id='word_1_77' title='bbox 803 998 844 1027; x_wconf 87' lang='lat' dir='ltr'>et</span> <span class='ocrx_word' id='word_1_78' title='bbox 871 988 1106 1032; x_wconf 73' lang='lat' dir='ltr'>&#39;transvolae</span> <span class='ocrx_word' id='word_1_79' title='bbox 1136 987 1180 1027; x_wconf 91' lang='lat' dir='ltr'>in</span> <span class='ocrx_word' id='word_1_80' title='bbox 1209 987 1364 1027; x_wconf 82' lang='lat' dir='ltr'>Dauria</span> <span class='ocrx_word' id='word_1_81' title='bbox 1393 989 1662 1028; x_wconf 78' lang='lat' dir='ltr'>observantur</span> <span class='ocrx_word' id='word_1_82' title='bbox 1681 987 1869 1043; x_wconf 77' lang='lat' dir='ltr'>sparsim.</span> <span class='ocrx_word' id='word_1_83' title='bbox 1927 989 2051 1028; x_wconf 72' lang='lat' dir='ltr'>Victi.-</span> 
     </span>
     <span class='ocr_line' id='line_1_12' title="bbox 367 1060 2050 1118; baseline 0.002 -18"><span class='ocrx_word' id='word_1_84' title='bbox 367 1070 454 1101; x_wconf 73' lang='lat' dir='ltr'>tant</span> <span class='ocrx_word' id='word_1_85' title='bbox 482 1060 618 1109; x_wconf 82' lang='lat' dir='ltr'>ranis,</span> <span class='ocrx_word' id='word_1_86' title='bbox 647 1063 813 1103; x_wconf 86' lang='lat' dir='ltr'>lacertis</span> <span class='ocrx_word' id='word_1_87' title='bbox 843 1073 885 1102; x_wconf 86' lang='lat' dir='ltr'>et</span> <span class='ocrx_word' id='word_1_88' title='bbox 914 1064 1097 1103; x_wconf 78' lang='lat' dir='ltr'>maxime</span> <span class='ocrx_word' id='word_1_89' title='bbox 1128 1063 1356 1118; x_wconf 80' lang='lat' dir='ltr'>pisciculiS.</span> <span class='ocrx_word' id='word_1_90' title='bbox 1426 1065 1560 1104; x_wconf 72' lang='lat' dir='ltr'>Nidus</span> <span class='ocrx_word' id='word_1_91' title='bbox 1600 1063 1710 1104; x_wconf 85' lang='lat' dir='ltr'>inter</span> <span class='ocrx_word' id='word_1_92' title='bbox 1739 1062 1961 1103; x_wconf 85' lang='lat' dir='ltr'>arundines</span> <span class='ocrx_word' id='word_1_93' title='bbox 1990 1063 2050 1103; x_wconf 92' lang='lat' dir='ltr'>in-</span> 
     </span>
     <span class='ocr_line' id='line_1_13' title="bbox 366 1138 2050 1194; baseline 0.002 -19"><span class='ocrx_word' id='word_1_94' title='bbox 366 1150 576 1184; x_wconf 79' lang='lat' dir='ltr'>accessas,</span> <span class='ocrx_word' id='word_1_95' title='bbox 619 1152 739 1192; x_wconf 82' lang='lat' dir='ltr'>supra</span> <span class='ocrx_word' id='word_1_96' title='bbox 782 1139 988 1178; x_wconf 80' lang='lat' dir='ltr'>tumulum</span> <span class='ocrx_word' id='word_1_97' title='bbox 1033 1138 1312 1194; x_wconf 78' lang='lat' dir='ltr'>caespitosum</span> <span class='ocrx_word' id='word_1_98' title='bbox 1353 1139 1597 1189; x_wconf 75' lang='lat' dir='ltr'>elatiorem,</span> <span class='ocrx_word' id='word_1_99' title='bbox 1650 1139 1794 1180; x_wconf 82' lang='lat' dir='ltr'>herbis</span> <span class='ocrx_word' id='word_1_100' title='bbox 1839 1138 2050 1194; x_wconf 78' lang='lat' dir='ltr'>congestis</span> 
     </span>
     <span class='ocr_line' id='line_1_14' title="bbox 365 1211 2049 1270; baseline 0.002 -19"><span class='ocrx_word' id='word_1_101' title='bbox 365 1222 527 1252; x_wconf 77' lang='lat' dir='ltr'>stratus.</span> <span class='ocrx_word' id='word_1_102' title='bbox 582 1212 677 1253; x_wconf 87' lang='lat' dir='ltr'>Ova</span> <span class='ocrx_word' id='word_1_103' title='bbox 707 1211 830 1262; x_wconf 80' lang='lat' dir='ltr'>bina,</span> <span class='ocrx_word' id='word_1_104' title='bbox 864 1213 1066 1254; x_wconf 77' lang='lat' dir='ltr'>anserinis</span> <span class='ocrx_word' id='word_1_105' title='bbox 1095 1213 1232 1270; x_wconf 78' lang='lat' dir='ltr'>paria,</span> <span class='ocrx_word' id='word_1_106' title='bbox 1266 1214 1592 1263; x_wconf 60' lang='lat' dir='ltr'>cinerescentia,</span> <span class='ocrx_word' id='word_1_107' title='bbox 1637 1215 1772 1255; x_wconf 85' lang='lat' dir='ltr'>lituris</span> <span class='ocrx_word' id='word_1_108' title='bbox 1792 1218 1849 1268; x_wconf 76' lang='lat'>(*)</span> <span class='ocrx_word' id='word_1_109' title='bbox 1894 1214 2049 1255; x_wconf 82' lang='lat' dir='ltr'>crebris</span> 
     </span>
     <span class='ocr_line' id='line_1_15' title="bbox 364 1285 2047 1343; baseline 0.003 -18"><span class='ocrx_word' id='word_1_110' title='bbox 364 1285 488 1326; x_wconf 76' lang='lat' dir='ltr'>fuscis</span> <span class='ocrx_word' id='word_1_111' title='bbox 516 1289 701 1342; x_wconf 87' lang='lat' dir='ltr'>pondere</span> <span class='ocrx_word' id='word_1_112' title='bbox 730 1289 946 1329; x_wconf 75' lang='lat' dir='ltr'>unciarum</span> <span class='ocrx_word' id='word_1_113' title='bbox 976 1298 1028 1334; x_wconf 53' lang='grc' dir='ltr'>δὲ.</span> <span class='ocrx_word' id='word_1_114' title='bbox 1073 1290 1139 1328; x_wconf 84' lang='lat' dir='ltr'>vel</span> <span class='ocrx_word' id='word_1_115' title='bbox 1167 1290 1288 1329; x_wconf 75' lang='lat' dir='ltr'>ultra.</span> <span class='ocrx_word' id='word_1_116' title='bbox 1342 1292 1515 1330; x_wconf 83' lang='lat' dir='ltr'>Incubat</span> <span class='ocrx_word' id='word_1_117' title='bbox 1544 1294 1671 1343; x_wconf 83' lang='lat' dir='ltr'>Majo.</span> <span class='ocrx_word' id='word_1_118' title='bbox 1730 1290 1832 1330; x_wconf 90' lang='lat' dir='ltr'>Viso</span> <span class='ocrx_word' id='word_1_119' title='bbox 1872 1289 2047 1330; x_wconf 88' lang='lat' dir='ltr'>homine</span> 
     </span>
     <span class='ocr_line' id='line_1_16' title="bbox 365 1361 2047 1421; baseline 0.004 -21"><span class='ocrx_word' id='word_1_120' title='bbox 365 1363 417 1401; x_wconf 86' lang='lat' dir='ltr'>ad</span> <span class='ocrx_word' id='word_1_121' title='bbox 447 1361 592 1402; x_wconf 79' lang='lat' dir='ltr'>nidum</span> <span class='ocrx_word' id='word_1_122' title='bbox 637 1377 659 1402; x_wconf 84' lang='lat' dir='ltr'>e</span> <span class='ocrx_word' id='word_1_123' title='bbox 689 1363 919 1419; x_wconf 79' lang='lat' dir='ltr'>longinquo</span> <span class='ocrx_word' id='word_1_124' title='bbox 964 1364 1155 1411; x_wconf 80' lang='lat' dir='ltr'>advolat3</span> <span class='ocrx_word' id='word_1_125' title='bbox 1195 1366 1268 1405; x_wconf 86' lang='lat' dir='ltr'>sed</span> <span class='ocrx_word' id='word_1_126' title='bbox 1311 1365 1510 1405; x_wconf 75' lang='lat' dir='ltr'>exterrita</span> <span class='ocrx_word' id='word_1_127' title='bbox 1552 1366 1621 1408; x_wconf 82' lang='lat' dir='ltr'>vel</span> <span class='ocrx_word' id='word_1_128' title='bbox 1664 1366 1834 1421; x_wconf 83' lang='lat' dir='ltr'>laqueos</span> <span class='ocrx_word' id='word_1_129' title='bbox 1873 1376 2047 1407; x_wconf 79' lang='lat' dir='ltr'>statutos</span> 
     </span>
     <span class='ocr_line' id='line_1_17' title="bbox 362 1436 2048 1496; baseline 0.004 -20"><span class='ocrx_word' id='word_1_130' title='bbox 362 1436 601 1492; x_wconf 86' lang='lat' dir='ltr'>percipiens</span> <span class='ocrx_word' id='word_1_131' title='bbox 629 1453 841 1494; x_wconf 86' lang='lat' dir='ltr'>nunquam</span> <span class='ocrx_word' id='word_1_132' title='bbox 870 1440 993 1480; x_wconf 83' lang='lat' dir='ltr'>redit.</span> <span class='ocrx_word' id='word_1_133' title='bbox 1062 1441 1157 1480; x_wconf 76' lang='lat' dir='ltr'>Mas</span> <span class='ocrx_word' id='word_1_134' title='bbox 1187 1439 1297 1480; x_wconf 87' lang='lat' dir='ltr'>circa</span> <span class='ocrx_word' id='word_1_135' title='bbox 1325 1440 1471 1480; x_wconf 83' lang='lat' dir='ltr'>nidum</span> <span class='ocrx_word' id='word_1_136' title='bbox 1501 1441 1734 1481; x_wconf 78' lang='lat' dir='ltr'>custodiam</span> <span class='ocrx_word' id='word_1_137' title='bbox 1763 1441 1849 1496; x_wconf 85' lang='lat' dir='ltr'>agit</span> <span class='ocrx_word' id='word_1_138' title='bbox 1879 1453 1921 1481; x_wconf 90' lang='lat' dir='ltr'>et</span> <span class='ocrx_word' id='word_1_139' title='bbox 1952 1456 2048 1482; x_wconf 90' lang='lat' dir='ltr'>con-</span> 
     </span>
     <span class='ocr_line' id='line_1_18' title="bbox 361 1513 2046 1572; baseline 0.004 -21"><span class='ocrx_word' id='word_1_140' title='bbox 361 1522 425 1552; x_wconf 84' lang='lat' dir='ltr'>tra</span> <span class='ocrx_word' id='word_1_141' title='bbox 454 1513 559 1553; x_wconf 83' lang='lat' dir='ltr'>seras</span> <span class='ocrx_word' id='word_1_142' title='bbox 589 1525 632 1554; x_wconf 83' lang='lat' dir='ltr'>et</span> <span class='ocrx_word' id='word_1_143' title='bbox 661 1530 783 1556; x_wconf 87' lang='lat' dir='ltr'>canes</span> <span class='ocrx_word' id='word_1_144' title='bbox 812 1527 944 1557; x_wconf 85' lang='lat' dir='ltr'>rostro</span> <span class='ocrx_word' id='word_1_145' title='bbox 974 1515 1051 1556; x_wconf 84' lang='lat' dir='ltr'>teli</span> <span class='ocrx_word' id='word_1_146' title='bbox 1079 1515 1208 1556; x_wconf 81' lang='lat' dir='ltr'>instar</span> <span class='ocrx_word' id='word_1_147' title='bbox 1249 1517 1429 1569; x_wconf 80' lang='lat' dir='ltr'>jaculato</span> <span class='ocrx_word' id='word_1_148' title='bbox 1471 1516 1670 1557; x_wconf 75' lang='lat' dir='ltr'>acerrime</span> <span class='ocrx_word' id='word_1_149' title='bbox 1714 1529 1896 1572; x_wconf 82' lang='lat' dir='ltr'>pugnat,</span> <span class='ocrx_word' id='word_1_150' title='bbox 1942 1519 2046 1558; x_wconf 85' lang='lat' dir='ltr'>adeo</span> 
     </span>
     <span class='ocr_line' id='line_1_19' title="bbox 362 1585 2044 1641; baseline 0.005 -15"><span class='ocrx_word' id='word_1_151' title='bbox 362 1585 546 1629; x_wconf 83' lang='lat' dir='ltr'>infensus</span> <span class='ocrx_word' id='word_1_152' title='bbox 576 1590 772 1641; x_wconf 82' lang='lat' dir='ltr'>canibus,</span> <span class='ocrx_word' id='word_1_153' title='bbox 804 1603 849 1632; x_wconf 80' lang='lat' dir='ltr'>ut</span> <span class='ocrx_word' id='word_1_154' title='bbox 877 1592 1086 1632; x_wconf 80' lang='lat' dir='ltr'>interdum</span> <span class='ocrx_word' id='word_1_155' title='bbox 1115 1591 1323 1632; x_wconf 82' lang='lat' dir='ltr'>venatoris</span> <span class='ocrx_word' id='word_1_156' title='bbox 1352 1591 1638 1632; x_wconf 81' lang='lat' dir='ltr'>obliviscatur.</span> <span class='ocrx_word' id='word_1_157' title='bbox 1707 1591 1825 1634; x_wconf 80' lang='lat' dir='ltr'>Alias</span> <span class='ocrx_word' id='word_1_158' title='bbox 1860 1593 2044 1634; x_wconf 80' lang='lat' dir='ltr'>cautissi-</span> 
     </span>
     <span class='ocr_line' id='line_1_20' title="bbox 362 1663 2044 1724; baseline 0.006 -23"><span class='ocrx_word' id='word_1_159' title='bbox 362 1677 428 1702; x_wconf 87' lang='lat' dir='ltr'>ma</span> <span class='ocrx_word' id='word_1_160' title='bbox 459 1663 545 1704; x_wconf 81' lang='lat' dir='ltr'>avis</span> <span class='ocrx_word' id='word_1_161' title='bbox 575 1677 618 1706; x_wconf 85' lang='lat' dir='ltr'>et</span> <span class='ocrx_word' id='word_1_162' title='bbox 644 1681 666 1706; x_wconf 88' lang='lat' dir='ltr'>e</span> <span class='ocrx_word' id='word_1_163' title='bbox 697 1667 926 1723; x_wconf 85' lang='lat' dir='ltr'>longinquo</span> <span class='ocrx_word' id='word_1_164' title='bbox 956 1666 1173 1708; x_wconf 87' lang='lat' dir='ltr'>hominem</span> <span class='ocrx_word' id='word_1_165' title='bbox 1202 1666 1453 1722; x_wconf 83' lang='lat' dir='ltr'>percipiens.</span> <span class='ocrx_word' id='word_1_166' title='bbox 1522 1666 1703 1722; x_wconf 79' lang='lat' dir='ltr'>Clcmgor</span> <span class='ocrx_word' id='word_1_167' title='bbox 1744 1669 1937 1724; x_wconf 85' lang='lat' dir='ltr'>frequens</span> <span class='ocrx_word' id='word_1_168' title='bbox 1976 1684 2044 1711; x_wconf 64' lang='lat' dir='ltr'>ex:—</span> 
     </span>
     <span class='ocr_line' id='line_1_21' title="bbox 360 1742 2044 1799; baseline 0.005 -22"><span class='ocrx_word' id='word_1_169' title='bbox 360 1748 479 1780; x_wconf 84' lang='lat' dir='ltr'>tenso</span> <span class='ocrx_word' id='word_1_170' title='bbox 509 1756 647 1781; x_wconf 83' lang='lat' dir='ltr'>versus</span> <span class='ocrx_word' id='word_1_171' title='bbox 675 1744 841 1784; x_wconf 78' lang='lat' dir='ltr'>coelum</span> <span class='ocrx_word' id='word_1_172' title='bbox 869 1744 980 1784; x_wconf 90' lang='lat' dir='ltr'>collo</span> <span class='ocrx_word' id='word_1_173' title='bbox 1009 1742 1172 1783; x_wconf 87' lang='lat' dir='ltr'>olorino</span> <span class='ocrx_word' id='word_1_174' title='bbox 1203 1744 1288 1783; x_wconf 82' lang='lat' dir='ltr'>fere</span> <span class='ocrx_word' id='word_1_175' title='bbox 1318 1742 1492 1793; x_wconf 83' lang='lat' dir='ltr'>similis,</span> <span class='ocrx_word' id='word_1_176' title='bbox 1536 1743 1783 1799; x_wconf 79' lang='lat' dir='ltr'>praesertim</span> <span class='ocrx_word' id='word_1_177' title='bbox 1825 1746 2044 1785; x_wconf 85' lang='lat' dir='ltr'>subvolan—</span> 
     </span>
     <span class='ocr_line' id='line_1_22' title="bbox 359 1813 2042 1873; baseline 0.005 -20"><span class='ocrx_word' id='word_1_178' title='bbox 359 1813 425 1854; x_wconf 81' lang='lat' dir='ltr'>tis.</span> <span class='ocrx_word' id='word_1_179' title='bbox 484 1818 692 1870; x_wconf 77' lang='lat' dir='ltr'>Ingressus</span> <span class='ocrx_word' id='word_1_180' title='bbox 723 1831 765 1859; x_wconf 85' lang='lat' dir='ltr'>et</span> <span class='ocrx_word' id='word_1_181' title='bbox 795 1835 929 1860; x_wconf 88' lang='lat' dir='ltr'>mores</span> <span class='ocrx_word' id='word_1_182' title='bbox 959 1818 1130 1861; x_wconf 87' lang='lat' dir='ltr'>omnino</span> <span class='ocrx_word' id='word_1_183' title='bbox 1160 1819 1282 1860; x_wconf 88' lang='lat' dir='ltr'>Gruis</span> <span class='ocrx_word' id='word_1_184' title='bbox 1311 1820 1505 1873; x_wconf 84' lang='lat' dir='ltr'>vulgaris.</span> <span class='ocrx_word' id='word_1_185' title='bbox 1576 1820 1769 1861; x_wconf 80' lang='lat' dir='ltr'>Cicurata</span> <span class='ocrx_word' id='word_1_186' title='bbox 1807 1835 1901 1860; x_wconf 76' lang='lat' dir='ltr'>curn</span> <span class='ocrx_word' id='word_1_187' title='bbox 1932 1823 2042 1861; x_wconf 84' lang='lat' dir='ltr'>Grue</span> 
     </span>
     <span class='ocr_line' id='line_1_23' title="bbox 358 1890 2041 1950; baseline 0.005 -21"><span class='ocrx_word' id='word_1_188' title='bbox 358 1890 520 1945; x_wconf 82' lang='lat' dir='ltr'>vulgari</span> <span class='ocrx_word' id='word_1_189' title='bbox 551 1892 684 1933; x_wconf 80' lang='lat' dir='ltr'>amice</span> <span class='ocrx_word' id='word_1_190' title='bbox 714 1894 847 1944; x_wconf 72' lang='lat' dir='ltr'>vivit,</span> <span class='ocrx_word' id='word_1_191' title='bbox 877 1897 939 1936; x_wconf 91' lang='lat' dir='ltr'>uti</span> <span class='ocrx_word' id='word_1_192' title='bbox 968 1895 1073 1938; x_wconf 77' lang='lat' dir='ltr'>haec</span> <span class='ocrx_word' id='word_1_193' title='bbox 1102 1911 1196 1936; x_wconf 89' lang='lat' dir='ltr'>cum</span> <span class='ocrx_word' id='word_1_194' title='bbox 1227 1897 1276 1935; x_wconf 91' lang='lat' dir='ltr'>G.</span> <span class='ocrx_word' id='word_1_195' title='bbox 1312 1894 1497 1950; x_wconf 72' lang='lat' dir='ltr'>Virgine.</span> <span class='ocrx_word' id='word_1_196' title='bbox 1559 1896 2041 1937; x_wconf 71' lang='lat' dir='ltr'>Messerschmidius</span> 
     </span>
     <span class='ocr_line' id='line_1_24' title="bbox 358 1968 1654 2026; baseline 0.004 -21"><span class='ocrx_word' id='word_1_197' title='bbox 358 1977 402 2006; x_wconf 84' lang='lat' dir='ltr'>et</span> <span class='ocrx_word' id='word_1_198' title='bbox 431 1968 692 2009; x_wconf 73' lang='lat' dir='ltr'>Gmelinus</span> <span class='ocrx_word' id='word_1_199' title='bbox 722 1973 1060 2026; x_wconf 83' lang='lat' dir='ltr'>Leucogeranum</span> <span class='ocrx_word' id='word_1_200' title='bbox 1088 1986 1163 2025; x_wconf 88' lang='lat' dir='ltr'>pro</span> <span class='ocrx_word' id='word_1_201' title='bbox 1193 1970 1369 2011; x_wconf 84' lang='lat' dir='ltr'>Ciconia</span> <span class='ocrx_word' id='word_1_202' title='bbox 1404 1969 1654 2011; x_wconf 75' lang='lat' dir='ltr'>habuerunt.</span> 
     </span>
    </p>

    <p class='ocr_par' dir='ltr' id='par_1_5' title="bbox 356 2044 2038 2253">
     <span class='ocr_line' id='line_1_25' title="bbox 433 2044 2038 2103; baseline 0.003 -21"><span class='ocrx_word' id='word_1_203' title='bbox 433 2091 435 2093; x_wconf 21' lang='grc' dir='ltr'>Ι</span> <span class='ocrx_word' id='word_1_204' title='bbox 469 2044 632 2084; x_wconf 79' lang='lat' dir='ltr'>Descr.</span> <span class='ocrx_word' id='word_1_205' title='bbox 667 2045 805 2085; x_wconf 77' lang='lat' dir='ltr'>Etiam</span> <span class='ocrx_word' id='word_1_206' title='bbox 834 2046 1046 2100; x_wconf 81' lang='lat' dir='ltr'>Antigone</span> <span class='ocrx_word' id='word_1_207' title='bbox 1081 2046 1163 2085; x_wconf 86' lang='lat' dir='ltr'>fere</span> <span class='ocrx_word' id='word_1_208' title='bbox 1193 2045 1429 2100; x_wconf 82' lang='lat' dir='ltr'>procerior;</span> <span class='ocrx_word' id='word_1_209' title='bbox 1470 2058 1580 2086; x_wconf 82' lang='lat' dir='ltr'>stans</span> <span class='ocrx_word' id='word_1_210' title='bbox 1611 2057 1754 2087; x_wconf 78' lang='lat' dir='ltr'>erecto</span> <span class='ocrx_word' id='word_1_211' title='bbox 1792 2061 1963 2103; x_wconf 83' lang='lat' dir='ltr'>corpore</span> <span class='ocrx_word' id='word_1_212' title='bbox 1997 2058 2038 2088; x_wconf 76' lang='lat' dir='ltr'>et</span> 
     </span>
     <span class='ocr_line' id='line_1_26' title="bbox 357 2119 2037 2177; baseline 0.001 -17"><span class='ocrx_word' id='word_1_213' title='bbox 357 2119 494 2168; x_wconf 90' lang='lat' dir='ltr'>collo,</span> <span class='ocrx_word' id='word_1_214' title='bbox 539 2130 713 2173; x_wconf 77' lang='lat' dir='ltr'>quatuor</span> <span class='ocrx_word' id='word_1_215' title='bbox 743 2136 835 2161; x_wconf 90' lang='lat' dir='ltr'>cum</span> <span class='ocrx_word' id='word_1_216' title='bbox 876 2121 1056 2162; x_wconf 85' lang='lat' dir='ltr'>dimidio</span> <span class='ocrx_word' id='word_1_217' title='bbox 1098 2122 1227 2177; x_wconf 79' lang='lat' dir='ltr'>pedes</span> <span class='ocrx_word' id='word_1_218' title='bbox 1271 2132 1433 2176; x_wconf 77' lang='lat' dir='ltr'>aequat.</span> <span class='ocrx_word' id='word_1_219' title='bbox 1505 2124 1696 2163; x_wconf 74' lang='lat' dir='ltr'>Rostrum</span> <span class='ocrx_word' id='word_1_220' title='bbox 1738 2123 2037 2177; x_wconf 81' lang='lat' dir='ltr'>majusculum,</span> 
     </span>
     <span class='ocr_line' id='line_1_27' title="bbox 356 2195 2038 2253; baseline 0.003 -20"><span class='ocrx_word' id='word_1_221' title='bbox 356 2195 548 2244; x_wconf 87' lang='lat' dir='ltr'>rubrum,</span> <span class='ocrx_word' id='word_1_222' title='bbox 580 2195 746 2236; x_wconf 85' lang='lat' dir='ltr'>aciebus</span> <span class='ocrx_word' id='word_1_223' title='bbox 775 2197 987 2252; x_wconf 85' lang='lat' dir='ltr'>utriusque</span> <span class='ocrx_word' id='word_1_224' title='bbox 1018 2195 1217 2237; x_wconf 78' lang='lat' dir='ltr'>maxillae</span> <span class='ocrx_word' id='word_1_225' title='bbox 1247 2211 1385 2237; x_wconf 84' lang='lat' dir='ltr'>versus</span> <span class='ocrx_word' id='word_1_226' title='bbox 1416 2197 1578 2253; x_wconf 76' lang='lat' dir='ltr'>apicem</span> <span class='ocrx_word' id='word_1_227' title='bbox 1609 2198 1789 2246; x_wconf 81' lang='lat' dir='ltr'>serrasis,</span> <span class='ocrx_word' id='word_1_228' title='bbox 1818 2210 1863 2238; x_wconf 84' lang='lat' dir='ltr'>ut</span> <span class='ocrx_word' id='word_1_229' title='bbox 1891 2199 1935 2243; x_wconf 85' lang='lat' dir='ltr'>in</span> <span class='ocrx_word' id='word_1_230' title='bbox 1954 2201 2038 2238; x_wconf 91' lang='lat' dir='ltr'>An-</span> 
     </span>
    </p>
   </div>
   <div class='ocr_carea' id='block_1_3' title="bbox 358 2268 2037 2329">
    <p class='ocr_par' dir='ltr' id='par_1_6' title="bbox 358 2268 2037 2329">
     <span class='ocr_line' id='line_1_28' title="bbox 358 2268 2037 2329; baseline 0.005 -23"><span class='ocrx_word' id='word_1_231' title='bbox 358 2268 507 2323; x_wconf 83' lang='lat' dir='ltr'>tigone.</span> <span class='ocrx_word' id='word_1_232' title='bbox 565 2272 725 2326; x_wconf 73' lang='lat' dir='ltr'>Lingua</span> <span class='ocrx_word' id='word_1_233' title='bbox 755 2272 1019 2328; x_wconf 78' lang='lat' dir='ltr'>longitudine</span> <span class='ocrx_word' id='word_1_234' title='bbox 1048 2285 1064 2319; x_wconf 63' lang='lat'><strong>3</strong></span> <span class='ocrx_word' id='word_1_235' title='bbox 1091 2271 1232 2321; x_wconf 85' lang='lat' dir='ltr'>rostri,</span> <span class='ocrx_word' id='word_1_236' title='bbox 1263 2272 1666 2324; x_wconf 74' lang='lat' dir='ltr'>lineari-adtenuata,</span> <span class='ocrx_word' id='word_1_237' title='bbox 1697 2273 2037 2329; x_wconf 83' lang='lat' dir='ltr'>triquetro-cana-</span> 
     </span>
    </p>
   </div>
   <div class='ocr_carea' id='block_1_4' title="bbox 411 2429 2034 2484">
    <p class='ocr_par' dir='ltr' id='par_1_7' title="bbox 411 2429 2034 2484">
     <span class='ocr_line' id='line_1_29' title="bbox 411 2429 2034 2484; baseline 0.005 -22"><span class='ocrx_word' id='word_1_238' title='bbox 411 2429 462 2473; x_wconf 77' lang='lat'>(*)</span> <span class='ocrx_word' id='word_1_239' title='bbox 479 2429 703 2472; x_wconf 74' lang='lat' dir='ltr'>Bussenius</span> <span class='ocrx_word' id='word_1_240' title='bbox 729 2439 821 2469; x_wconf 86' lang='lat' dir='ltr'>inter</span> <span class='ocrx_word' id='word_1_241' title='bbox 844 2447 914 2470; x_wconf 85' lang='lat' dir='ltr'>ova</span> <span class='ocrx_word' id='word_1_242' title='bbox 942 2438 1062 2469; x_wconf 78' lang='lat' dir='ltr'>avium</span> <span class='ocrx_word' id='word_1_243' title='bbox 1088 2438 1248 2484; x_wconf 19' lang='lat' dir='ltr'>etgipsas</span> <span class='ocrx_word' id='word_1_244' title='bbox 1276 2446 1359 2470; x_wconf 84' lang='lat' dir='ltr'>aves</span> <span class='ocrx_word' id='word_1_245' title='bbox 1387 2437 1586 2480; x_wconf 82' lang='lat' dir='ltr'>analogiam</span> <span class='ocrx_word' id='word_1_246' title='bbox 1615 2449 1692 2472; x_wconf 84' lang='lat' dir='ltr'>esse</span> <span class='ocrx_word' id='word_1_247' title='bbox 1707 2440 1833 2472; x_wconf 81' lang='lat' dir='ltr'>statuit</span> <span class='ocrx_word' id='word_1_248' title='bbox 1857 2436 2034 2470; x_wconf 81' lang='lat' dir='ltr'>colorum.</span> 
     </span>
    </p>
   </div>
  </div>
 </body>
</html>
