2175 2931
904 207 1051 232 .-·-·==
1771 212 1828 251 25

527 322 639 376 193.
741 319 774 362 P
804 319 846 364 A
877 321 904 363 S
934 322 961 364 S
990 322 1029 364 E
1054 321 1094 364 R
1183 319 1432 366 Linaria.

272 460 316 499 P.
347 471 494 514 gryseo
514 483 528 489 -
546 471 769 499 canescens
800 455 996 514 fuscoque
1026 457 1220 505 litut-ata,
1272 458 1389 514 pileo
1420 458 1677 509 ruberrimo,
1729 460 1826 515 gula

133 534 264 590 nigra.

351 609 521 651 Linaria
550 611 671 651 rubra
700 610 838 651 minor
868 621 1107 662 auctorum,
1158 612 1378 668 Willughb.
1415 627 1496 653 orn.
1528 629 1567 669 p.
1606 627 1694 665 191.
1735 612 1824 669 Raj.

403 703 467 728 av.
500 704 536 743 p.
569 705 634 739 91.
667 704 704 728 η.
736 695 773 729 3.
833 688 984 728 Frisclz.
1024 704 1089 728 av.
1127 691 1159 730 Ι.
1199 700 1293 730 sect.
1333 697 1370 732 3.
1400 689 1481 730 tab.
1519 706 1579 730 10.
1599 690 1682 745 fig.
1715 695 1752 731 3.
1783 696 1822 739 4.

408 765 588 805 Brisson.
620 780 704 804 orn.
734 766 809 803 III.
843 780 880 820 p.
917 770 1001 804 138.

348 840 562 896 Redpols,
590 841 729 881 Albin.
763 857 827 880 av.
856 841 932 880 ΙΙΙ.
966 841 1050 881 cab.
1083 847 1148 895 75.
1181 856 1266 881 mas
1298 853 1340 883 et
1370 841 1568 884 Foemina.

354 919 413 956 Le
445 917 653 959 Cabaret‚
682 917 898 957 D’aubent.
930 922 1025 974 pict.
1057 918 1140 958 tab.
1170 924 1263 967 435.
1282 920 1369 972 fig.
1405 936 1442 959 2.

348 992 552 1047 Fringilla
582 993 776 1043 Linaria,
808 995 898 1034 Lin.
929 1005 1035 1050 syst.
1067 995 1163 1034 XII.
1197 1011 1236 1050 p.
1269 1001 1360 1035 322.
1391 1010 1453 1050 sp.
1487 1011 1550 1047 29.

238 1067 411 1109 Rossice
447 1070 788 1118 Tschetschotka‚
825 1071 1083 1111 Tschetschet
1111 1070 1182 1110 vel
1217 1071 1458 1111 Tschitschi.

236 1143 400 1184 Tataris
429 1145 708 1185 Kain-basch
738 1156 780 1184 et
808 1147 1139 1200 Kentir-tsige'n.

245 1218 583 1260 Camtschadalis
611 1222 1030 1260 Ecschewotschictsch
1046 1238 1059 1265 ,·
1088 1219 1262 1260 Ukinzis
1293 1223 1567 1262 Eltschatsch.

262 1297 340 1334 Per
384 1307 554 1333 omnem
596 1291 787 1332 Bossiam
831 1304 873 1332 et
915 1293 1113 1334 Sibiriam
1156 1294 1345 1335 omnium
1374 1295 1498 1335 facile
1530 1294 1821 1351 copiosissima

125 1370 190 1412 sui
219 1369 382 1426 generis
414 1369 602 1418 avicula,
647 1367 803 1423 hyeme
842 1368 1047 1424 gregatim
1085 1369 1197 1410 circa
1238 1385 1364 1426 pagos
1393 1382 1438 1411 et
1468 1369 1617 1412 horrea
1645 1372 1821 1422 vivens;

126 1462 248 1497 vere,
278 1457 469 1502 ternpore
501 1444 629 1486 oestri
657 1447 904 1499 ingruente,
937 1445 1187 1486 millenariis
1217 1446 1365 1487 turmis
1396 1448 1709 1502 conglomerata
1746 1448 1821 1489 mi-

125 1535 241 1579 grat,
280 1522 565 1579 pinguissima.
626 1520 783 1576 Incipit
812 1520 972 1577 prurire
1004 1522 1184 1572 Martio,
1232 1522 1407 1564 tumidis
1437 1535 1536 1565 tunc
1566 1525 1820 1580 genitalibus

125 1599 301 1654 organis.
375 1597 591 1654 Petropoli
620 1596 664 1637 in
694 1598 782 1637 soro
813 1597 982 1653 copiose
1019 1609 1179 1654 prostat
1208 1610 1250 1639 et
1279 1600 1323 1639 in
1354 1598 1451 1640 cibo
1482 1600 1732 1649 adhibetur,
1776 1616 1824 1642 e-

127 1674 315 1731 gregium
345 1673 427 1714 nisi
456 1684 628 1728 propter
656 1672 908 1727 parvitatem
938 1674 1154 1715 ferculum.
1217 1678 1265 1715 In
1296 1675 1493 1726 Dauuria‚
1526 1676 1599 1717 ubi
1628 1677 1818 1732 frequen-

125 1751 335 1800 tissimae,
394 1761 436 1789 et
466 1763 588 1804 saepe
617 1759 708 1790 toto
739 1763 912 1804 corpore
943 1750 1088 1804 pulcro
1133 1751 1281 1790 rubore
1325 1752 1541 1806 perfusae,
1598 1752 1818 1793 observavi

127 1827 373 1868 varietatem
411 1826 744 1881 nigrescentem,
804 1837 935 1865 rostro
973 1823 1253 1880 productiore.
1325 1828 1571 1868 Scellerus
1616 1827 1744 1867 etiam
1774 1826 1819 1867 in

126 1902 420 1945 Camtschatca
449 1915 492 1943 et
532 1902 686 1945 Curilis
725 1900 872 1942 insulis
901 1899 1114 1940 Linariam
1155 1902 1363 1941 abundare
1395 1902 1581 1958 reliquit.
1656 1905 1719 1942 Ex
1750 1905 1818 1941 In-

129 1980 218 2021 sula
245 1980 437 2029 Kadiak,
470 1978 688 2020 Americae
719 1977 914 2032 contigua
945 1976 1082 2017 habeo
1112 1976 1361 2017 varietatem
1392 1976 1573 2018 sibiricis
1605 1977 1815 2026 similem,
1848 1985 1860 2012 ss

129 2070 250 2110 supra
280 2055 415 2095 minus
446 2066 738 2096 canescentem
756 2086 766 2105 ,
798 2055 909 2095 collo
938 2065 982 2094 et
1010 2065 1181 2110 pectore
1205 2052 1377 2098 ,intense
1408 2053 1696 2102 cinnabareis3
1727 2068 1816 2093 ver·

129 2131 213 2172 tice
244 2132 416 2172 obscure
446 2133 583 2172 rubro.

269 2209 434 2247 Descr.
465 2206 710 2255 Avienlam,
747 2206 848 2246 licet
878 2206 1114 2260 vulgarem,
1143 2204 1359 2254 describo,
1390 2205 1486 2260 quia
1516 2205 1627 2246 inter
1655 2216 1816 2246 tantum

130 2300 347 2325 numerum
392 2295 433 2323 ct
471 2283 515 2323 in
553 2282 861 2337 perfectissimo
906 2281 1056 2322 habitu
1099 2282 1360 2321 observatam
1410 2281 1558 2321 melius
1588 2283 1693 2322 forte
1725 2281 1818 2322 aliis

130 2359 423 2415 Ornithologis
466 2371 607 2400 notam
641 2360 790 2399 habeo.
848 2358 1095 2413 Magnitudo
1128 2356 1259 2413 Spini.
1336 2359 1526 2398 Rostrum
1556 2358 1721 2398 sordide
1752 2358 1816 2398 lu-

131 2447 272 2486 teum,
331 2451 450 2492 supra
492 2435 682 2492 infraque
727 2433 1090 2491 longitudinaliter
1130 2445 1173 2474 et
1212 2433 1330 2491 apice
1362 2435 1540 2494 fuscum.
1612 2435 1818 2476 Vzbrissae

1350 2520 1378 2562 4
