2175 2931
874 188 1016 216 ==
1692 189 1779 230 207

314 306 426 351 315.
500 302 1292 349 PIIOENICOPTERUS
1363 313 1568 345 roseus.

209 448 253 485 P.
287 443 360 485 alis
391 441 542 493 roseis,
574 442 802 497 remigibus
830 442 971 498 nigris.

322 519 679 575 Phoenicopterus
710 518 897 559 omnium
929 529 1168 568 auctorum,
1219 516 1438 572 Willughb.
1485 532 1570 558 orn.
1614 533 1654 572 p.
1691 523 1783 558 360.

375 597 457 637 tab.
490 604 554 637 60.
586 596 707 636 mala.
775 596 866 651 Raj.
911 610 975 635 av.
1020 611 1059 650 p.
1098 612 1167 646 119
1212 604 1251 635 et
1302 600 1409 647 117?
1463 593 1602 634 Albin.
1633 609 1697 633 αυ.
1729 593 1783 632 ΙΙ.

378 673 462 713 tab.
492 690 557 726 77.
614 671 703 712 Seb.
735 673 912 712 thesaur.
942 672 974 709 Ι.
1007 671 1090 710 tab.
1120 678 1185 723 67.
1207 672 1290 724 fig.
1327 687 1359 710 ι.
1417 669 1578 711 Catesb.
1610 671 1734 709 carol.
1753 671 1783 708 J.

371 749 455 789 tab.
500 755 565 802 73.
608 757 673 802 74.
745 749 922 788 Brisson.
964 762 1048 787 orn.
1095 748 1163 787 VI.
1208 763 1247 802 p.
1280 751 1373 787 532.
1417 746 1500 787 tab.
1531 754 1596 798 47.
1630 746 1713 799 fig.
1752 761 1782 783 1.

370 825 587 866 D'aubent.
634 829 730 880 pict.
761 825 844 866 tab.
878 830 942 866 63.
973 822 1109 863 minus
1139 825 1274 872 bona,
1321 820 1661 879 proportionibus
1689 834 1783 877 pec*

370 915 480 941 cans.
539 902 727 941 Latham.
756 916 820 942 av.
851 903 900 942 V.
932 917 971 956 p.
1004 917 1095 952 299.
1129 899 1212 941 tab.
1244 905 1309 951 93.

205 975 376 1016 Rossice
406 978 608 1034 Krasnaja
638 978 744 1025 Gus3

207 1051 380 1107 Kirgisis
410 1054 685 1106 KysiZ-Ka35
783 984 807 1165 ξ
871 1053 900 1095 i.
935 1068 971 1095 e,
1003 1055 1138 1094 Anser
1167 1054 1301 1094 ruber.

209 1127 445 1170 Calmuccis
479 1129 759 1177 Ularz-Gala3

236 1207 347 1243 Vere
377 1214 419 1243 et
449 1215 646 1245 autumno
674 1204 886 1245 interdurn
916 1204 1148 1245 transvolae
1179 1205 1230 1244 ad
1246 1202 1352 1244 ostia
1369 1202 1531 1257 Volgae
1561 1212 1603 1241 et
1621 1199 1783 1256 Rhym-

97 1279 140 1320 ni
171 1277 409 1334 adpellunt,
443 1294 533 1318 raro
562 1279 622 1319 ibi
653 1291 972 1319 commorantes.
1032 1280 1188 1320 Contra
1220 1294 1318 1319 vero
1349 1278 1465 1318 omni
1495 1287 1648 1316 aestate
1674 1276 1786 1317 circa

94 1356 265 1396 Jembae
295 1355 333 1394 ss.
364 1354 515 1394 ostium
547 1354 673 1410 inque
703 1355 819 1395 vadis
848 1366 890 1394 et
919 1354 1114 1395 brevibus
1147 1354 1257 1394 circa
1297 1352 1408 1393 sinus
1437 1366 1539 1407 quos
1571 1353 1622 1391 ad
1650 1351 1786 1392 orien-

96 1442 182 1470 tem
213 1429 415 1470 aestivum
446 1431 594 1470 format
626 1446 737 1471 mare
770 1430 990 1486 Caspium,
1022 1429 1169 1470 insulis
1199 1429 1364 1470 crebros
1395 1439 1437 1468 et
1467 1429 1664 1477 desertos,
1697 1441 1783 1467 ver-

96 1517 261 1555 santur,
292 1505 354 1546 ibi
383 1505 639 1561 prolificant‚
672 1518 713 1547 et
743 1506 1013 1562 plumationis
1041 1517 1231 1562 tempore
1260 1505 1479 1560 impennes
1500 1504 1784 1544 obambulant.

98 1581 305 1622 Dicuntur
334 1580 461 1621 etiam
492 1581 535 1620 in
567 1581 760 1622 maximis
790 1583 961 1623 lacubus
991 1581 1144 1622 deserti
1163 1580 1384 1635 Kirgisici‚
1414 1579 1638 1630 Araliensi,
1669 1593 1784 1634 prae-

98 1657 240 1698 sertim
273 1668 316 1697 et
344 1656 679 1697 Tscholkanensi
710 1657 869 1712 copiosi
901 1672 1002 1698 esse.
1073 1655 1186 1697 Mihi
1216 1672 1237 1696 a
1265 1657 1411 1696 Jemba
1443 1654 1532 1696 vivi
1563 1654 1694 1695 adlati
1724 1655 1785 1695 fu-

100 1745 243 1782 erunt,
276 1732 348 1772 ubi
378 1748 399 1772 a
431 1733 625 1790 Cosaccis
655 1732 816 1788 laqueis
846 1732 940 1789 capi
970 1733 1130 1781 solent,
1174 1743 1216 1772 et
1245 1730 1436 1786 copiosos
1466 1730 1565 1771 inde
1604 1730 1684 1770 sibi
1716 1731 1784 1771 ad-

100 1809 195 1850 ferri
240 1809 407 1849 curabat
436 1809 572 1850 Nobil.
604 1809 813 1863 quondam
855 1809 1117 1860 Paschkof
1149 1807 1194 1847 in
1235 1809 1349 1861 cujus
1392 1803 1784 1859 Ornithotrophaeo

101 1888 295 1925 Moscuae
325 1883 499 1924 cicurati
529 1883 701 1940 plurimi
733 1885 960 1924 alebantur.
1032 1882 1265 1923 Turmatim
1295 1880 1450 1921 humili
1479 1881 1620 1921 volatu
1649 1880 1784 1920 ferun—

101 1971 183 2009 tur,
216 1970 258 1999 et
287 1960 425 2000 media
457 1972 612 2001 aestate
643 1959 803 2001 amissis
833 1960 1042 2015 plerisque
1073 1959 1301 2014 remigibus
1333 1956 1405 1998 vix
1434 1956 1589 1997 volant.
1621 1959 1783 1996 Vocem

103 2037 288 2089 (ΞΟ-ἕο,
335 2035 596 2091 simplicem,
643 2035 856 2077 anserinae
899 2035 1159 2076 subsimilem
1203 2035 1381 2080 iterant,
1423 2032 1550 2073 etiarn
1579 2032 1781 2072 volantes.

104 2114 151 2150 In
182 2126 286 2166 aqua
318 2111 545 2159 ambulant,
576 2123 617 2152 et
645 2111 982 2168 profundioribus
1013 2111 1116 2151 locis
1146 2121 1302 2151 natant.
1363 2109 1530 2150 Collum
1560 2107 1605 2148 in
1636 2106 1786 2162 sigmo·

104 2188 221 2228 ideos
252 2198 294 2227 et
326 2187 586 2241 serpentinos
617 2188 701 2227 fere
733 2188 863 2226 flexus
894 2197 1192 2240 contorquent,
1225 2197 1267 2226 et
1297 2196 1428 2225 rostro
1458 2183 1587 2223 instar
1618 2194 1785 2223 anatum

105 2262 148 2304 in
178 2278 282 2317 aqua
312 2264 459 2303 ludunt
489 2274 531 2302 et
559 2277 695 2302 escam
726 2261 931 2309 cribrant,
977 2262 1047 2301 sed
1079 2261 1269 2310 inverso,
1314 2261 1373 2300 ita
1411 2270 1456 2299 ut
1487 2258 1673 2314 superior
1702 2274 1785 2298 ma-

107 2338 209 2379 xilla
239 2338 402 2394 planior
431 2338 483 2378 sit
513 2337 696 2378 inferior.
755 2338 921 2378 Gressus
948 2337 1109 2386 lentus,
1159 2335 1442 2391 grallatorius,
1487 2335 1646 2389 optime
1687 2348 1786 2374 vero

106 2427 269 2466 natant,
303 2414 439 2470 Cygni
471 2415 554 2454 fere
584 2414 780 2469 positura.
812 2412 987 2469 Vesperi
1005 2423 1073 2453 aut
1106 2423 1317 2453 aestuante
1348 2411 1434 2452 sole
1465 2420 1611 2468 sponte
1636 2424 1783 2466 aquam
