2175 2931
909 202 1053 231 ΙΙ

1765 207 1817 249 33

246 305 442 348 Coraecis
471 304 746 358 Ilkyvz'schka.
1090 357 1093 359 Β

247 379 580 423 Camtschadalis
613 380 957 435 Tylptsclzutsch;
998 380 1329 422 occidentalibus
1357 381 1649 429 -Tschelaalai;
1688 382 1817 424 Ukin-

301 457 358 497 zis
387 457 688 503 Betschlzatsch.

269 536 356 572 Hae
387 547 482 572 aves
512 546 658 572 zonam
687 530 909 586 glacialem
938 532 1064 573 totius
1096 532 1241 574 mundi
1271 533 1436 579 arctici,
1479 535 1595 589 slyva
1625 534 1817 576 destistu-

134 619 241 656 tam,
297 622 535 663 summaque
563 610 658 662 juga
688 607 903 662 alpestria‚
954 623 1028 664 pro
1057 609 1191 664 patria
1221 609 1302 650 sibi
1329 610 1565 665 elegerunt,
1608 610 1680 651 ubi
1710 609 1820 666 proli

133 700 304 741 operam
346 686 470 731 dant3
529 699 551 722 a
591 682 802 737 Norvagia
844 684 1074 740 Russiaque
1122 700 1196 740 per
1249 701 1418 727 omnem
1456 685 1652 727 Sibiriam
1693 697 1735 726 et
1774 685 1819 725 in

133 761 331 802 America
359 757 520 801 boreali
550 758 924 813 frequentissimae.
995 763 1156 814 Hyeme
1185 761 1229 801 in
1261 761 1350 802 istis
1380 761 1618 818 regionibus
1661 772 1820 816 tempe-

133 836 239 877 stiva
267 836 310 876 in
341 834 527 876 mitiores
555 833 797 874 latitudines
828 835 1107 890 depelluntur.
1165 839 1376 894 Petropoli
1409 840 1460 879 ad
1489 838 1624 894 prima
1656 848 1812 877 autum-

134 912 245 952 nalia
276 912 447 966 frigora,
478 909 654 951 Octobri
685 921 726 950 et
757 912 1010 961 Novembri,
1053 912 1236 953 maxime
1266 915 1504 961 abundant3
1533 914 1577 953 in
1608 911 1819 953 australio-

133 987 246 1028 ribus
276 987 465 1037 Rossiae,
525 987 576 1026 ad
604 989 763 1025 Tanain
794 998 837 1026 et
867 987 1047 1042 Volgam
1087 990 1314 1030 Decembri
1345 991 1533 1038 demum,
1592 1002 1671 1028 nec
1701 984 1819 1027 omni

135 1078 262 1109 anno,
293 1072 491 1118 apparent
521 1072 563 1100 et
594 1076 719 1115 usque
750 1063 802 1102 ad
833 1063 1103 1103 Februarium
1134 1065 1202 1104 vel
1232 1064 1401 1105 initium
1432 1063 1575 1104 Martii
1591 1061 1817 1118 gregariae,

132 1138 382 1177 centenariis
413 1151 533 1191 saepe
562 1137 721 1185 turmis,
752 1149 964 1190 vagantur,
996 1149 1165 1192 tumque
1199 1154 1294 1178 cum
1324 1141 1492 1180 Alauda
1522 1143 1660 1187 nivali,
1695 1151 1818 1192 saepe

133 1213 246 1254 socia
273 1210 600 1266 septentrionem
633 1222 825 1264 repetunt
842 1211 943 1251 etin
964 1212 1232 1266 frigidissima
1263 1214 1462 1267 paludosa
1495 1213 1672 1268 planitie
1698 1210 1818 1252 arcti-

129 1303 179 1329 ca
221 1286 437 1326 aestivant.
525 1283 828 1325 Chersonesum
869 1284 1070 1325 tauricam
1112 1301 1322 1340 nunquam
1364 1289 1518 1326 adeunt
1561 1287 1690 1326 etiam
1721 1285 1818 1340 rigi-

131 1363 302 1404 dissima
333 1360 501 1416 hyeme.
561 1364 609 1399 In
639 1358 803 1408 Sibiria,
835 1374 916 1412 quo
946 1359 1140 1414 frigidior
1168 1375 1308 1401 versus
1337 1362 1543 1402 orientem
1574 1359 1815 1415 temperies,

130 1453 183 1478 eo
226 1436 422 1477 maturius
451 1436 494 1476 in
526 1435 765 1475 australiora
809 1435 1007 1490 migrant,
1064 1446 1105 1475 et
1134 1436 1177 1476 in
1207 1437 1377 1492 regione
1423 1435 1733 1491 Crasnojarensi
1766 1436 1818 1475 ad

129 1513 338 1554 Jeniseam
367 1515 449 1566 jam
495 1510 670 1552 Ootobri
694 1512 935 1561 abundant,
995 1512 1171 1552 Alaudis
1203 1513 1429 1568 praedictis
1459 1525 1581 1567 atque
1612 1523 1817 1553 conterra-

131 1574 211 1630 neo
241 1593 406 1629 Passere
436 1587 591 1627 arctico
621 1601 742 1641 saepe
771 1586 1048 1627 consociatae.
1085 1591 1154 1628 -In
1185 1588 1380 1630 orientali
1410 1588 1564 1630 Sibiria
1594 1588 1637 1628 in
1664 1600 1814 1642 genere

132 1664 407 1720 copiosiores,
452 1666 646 1715 majoreS,
676 1662 905 1716 pulcriores
935 1675 1028 1703 sunt
1057 1663 1313 1720 ulteriusque
1344 1667 1396 1706 ad
1426 1676 1607 1705 austrum
1637 1677 1812 1717 evagan-

132 1751 210 1780 tur.
284 1739 405 1780 Circa
435 1753 592 1779 summa
620 1740 714 1791 juga
746 1737 942 1792 alpestria
973 1739 1170 1789 Sibiriae,
1226 1755 1301 1795 per
1334 1753 1533 1781 aestatem
1563 1740 1660 1780 nive
1688 1749 1813 1786 tecta,

134 1826 288 1855 aestate
318 1828 483 1870 quoque
515 1823 750 1854 occurrunt.
809 1811 946 1852 Etiam
978 1827 1030 1852 ex
1069 1813 1380 1862 Camtschatca,
1410 1815 1565 1870 pariter
1595 1813 1745 1868 frigida
1776 1823 1819 1853 et

133 1890 292 1946 aprica,
323 1905 532 1944 nunquam
561 1887 814 1942 demigrant,
860 1898 900 1927 et
931 1890 1101 1935 eodem,
1141 1904 1222 1943 quo
1253 1888 1425 1944 hyeme,
1471 1888 1619 1929 habitu
1648 1903 1722 1943 per
1751 1886 1812 1926 in-

133 1977 294 2020 tegram
333 1976 531 2005 aestatem
572 1963 771 2004 visuntur.
843 1965 1058 2003 Habentur
1088 1975 1128 2003 et
1158 1963 1201 2003 in
1243 1965 1391 2004 Insulis
1422 1964 1576 2006 Curilis
1605 1975 1647 2004 et
1677 1977 1816 2002 versus

135 2040 371 2081 American]
403 2039 505 2080 sitis,
563 2039 813 2093 Ubicunque
844 2037 1099 2093 hybernant‚
1144 2040 1251 2079 fame
1281 2052 1449 2081 coactae
1479 2039 1589 2080 circa
1618 2053 1743 2094 pagos
1773 2048 1815 2077 et

140 2115 226 2155 vias
266 2130 389 2170 grana
429 2116 574 2169 legunt
603 2126 644 2155 et
674 2129 803 2154 avena
845 2115 1089 2169 praesertim
1120 2117 1171 2155 ad
1200 2116 1305 2156 retia
1346 2115 1621 2164 alliciuntur,
1664 2113 1815 2169 quibus

136 2191 306 2246 copiose
335 2205 410 2245 pro
439 2189 577 2229 culina
605 2189 696 2244 capi
727 2189 874 2228 solent.
934 2190 1036 2228 Sunt
1065 2189 1177 2230 enim
1207 2191 1500 2232 stolidissimae
1530 2206 1645 2238 aves,
1689 2187 1813 2228 simul

139 2266 387 2313 deliciosae,
458 2263 633 2305 Alaudis
677 2275 719 2303 et
759 2264 995 2304 Hortulanis
1035 2264 1147 2306 haud
1189 2265 1429 2313 inferiores,
1484 2265 1519 2305 si
1560 2265 1811 2319 saginentur.

141 2342 267 2382 Humi
297 2339 538 2397 praesertim
569 2351 799 2389 versantur,
831 2355 904 2395 per
934 2340 1020 2380 vias
1050 2341 1185 2391 tritas,
1218 2342 1404 2381 Alaudae
1436 2341 1583 2391 instar,
1616 2339 1811 2381 cursitan-

139 2428 201 2458 tes
230 2432 384 2475 perque
415 2415 557 2457 brevia
587 2415 807 2456 intervalla
837 2427 931 2457 ante
971 2416 1258 2459 itineratorem
1299 2417 1542 2470 volitantes,
1599 2417 1710 2458 unde
1741 2428 1812 2456 no-

1359 2500 1382 2535 5
