2175 2931
875 219 1020 246 εξ
1720 223 1774 260 91

105 337 208 378 quae
238 323 399 378 phmas
427 319 598 376 quidem
629 319 874 370 ordinarias,
906 336 989 361 non
1020 331 1223 371 setaceas‚
1261 322 1334 362 sed
1364 320 1609 377 plerumque
1638 331 1779 362 tamen

104 399 217 438 albas
246 409 403 452 gerunt.
463 400 566 437 Sunt
597 408 735 436 autem
765 396 1065 452 sapidissimae,
1096 397 1346 438 tenerrimae
1377 397 1523 447 carnis,
1553 397 1781 452 caponlbus

102 474 177 514 vix
205 473 541 529 posthabendae‚
584 484 626 512 et
656 473 858 512 femorum
889 472 1074 512 crassitie
1104 473 1473 514 commendabiles.
1533 477 1580 513 In
1610 476 1783 513 melano-

103 550 253 591 dermis
282 548 654 605 piloso-plumatis
685 546 775 588 vidi
804 546 1050 588 varietatem
1080 550 1441 606 pentadactylam,
1471 559 1708 590 constanter
1722 546 1782 588 sic

102 636 416 682 propagantem.

241 703 428 741 Varietas
457 704 484 753 ζ
516 699 639 741 variis
683 700 727 740 in
758 699 861 739 locis
891 698 999 740 mihi
1028 701 1167 742 oblata
1199 714 1284 753 est,
1337 703 1489 759 plumis
1533 698 1782 749 rariusculis,

104 776 280 817 reversis
309 787 351 816 et
380 775 615 832 subcrispis,
647 776 892 831 plerumque
923 776 1028 816 albis
1059 777 1126 816 vel
1156 777 1347 825 cinereis,
1378 791 1471 819 cute
1503 778 1640 825 simul,
1670 790 1785 831 prae-

105 852 247 893 sertim
278 853 408 906 gallo,
457 867 532 908 per
559 863 695 892 totum
724 867 872 907 corpus
900 853 1130 892 ruberrima
1161 854 1228 893 vel
1258 870 1474 910 purpurea.
1546 854 1600 894 Hi
1628 852 1785 908 pluma-

105 928 448 984 tionis.temp0re
478 929 557 969 toti
587 929 671 968 fere
701 928 802 968 nudi
830 928 1049 979 incedunt,
1082 940 1191 969 tetro
1223 941 1405 985 aspectu,
1439 942 1482 970 et
1512 930 1578 969 vel
1609 930 1784 981 degene-

106 1003 267 1044 ratione
297 1020 370 1060 per
400 1006 543 1054 clima,
588 1005 656 1044 vel
687 1020 710 1044 a
738 1003 954 1060 n³gripelli
982 1004 1183 1045 varietate
1214 1016 1349 1046 ortum
1379 1004 1562 1045 trahunt.
1621 1001 1785 1058 (Varie-

106 1090 235 1120 tatem
264 1080 468 1136 uropygio
498 1080 740 1121 destitutam
770 1096 979 1135 nunquam
1010 1081 1100 1121 vidi
1129 1081 1172 1120 in
1204 1082 1383 1135 Rossia).

243 1157 430 1196 Varietas
459 1174 490 1200 n.
521 1154 778 1210 auriginosa‚
827 1157 1004 1210 pedibus
1037 1156 1170 1205 ssavis,
1225 1168 1268 1196 et
1305 1169 1400 1196 cute
1430 1172 1506 1212 per
1534 1167 1667 1197 totum
1699 1167 1785 1195 cor-

105 1247 181 1288 pus
212 1230 361 1271 itidem
392 1233 518 1280 flava,
551 1232 660 1286 apud
691 1234 842 1270 Rossos
872 1231 1208 1285 frequentissima
1238 1243 1317 1282 est,
1348 1232 1392 1272 in
1424 1247 1577 1287 genere
1607 1246 1683 1286 pro
1715 1231 1787 1270 de-

103 1306 184 1348 bili
216 1317 257 1346 et
286 1321 431 1361 parum
461 1305 599 1345 vivaci
630 1304 798 1352 habita3
838 1305 1046 1361 copiosius
1078 1307 1180 1346 forte
1210 1318 1299 1346 orta
1330 1309 1439 1362 apud
1469 1323 1542 1347 nos
1573 1323 1595 1346 a
1624 1306 1788 1346 morbo-

105 1399 148 1424 sa
179 1381 478 1422 constitutione
522 1391 724 1427 matrum,
767 1395 868 1435 quas
906 1396 982 1436 per
1019 1381 1187 1435 longam
1218 1380 1416 1436 hyemem
1447 1383 1521 1422 sub
1552 1381 1789 1422 fornacibus

103 1460 349 1516 plerumque
380 1457 593 1498 conclusas
623 1457 757 1503 alunt,
788 1458 890 1513 (quo
921 1455 1053 1512 hepar
1078 1457 1301 1514 praecipue
1334 1459 1530 1498 affectum
1560 1469 1602 1498 et
1632 1456 1789 1511 hyeme

105 1534 179 1575 vix
209 1534 252 1573 in
283 1533 368 1573 ulla
398 1533 552 1588 gallina
584 1531 673 1573 esui
701 1543 844 1587 aptum
873 1533 1138 1586 observavi),
1170 1546 1216 1573 ut
1246 1534 1397 1574 mirum
1426 1534 1480 1575 sit
1509 1535 1613 1574 ullas
1645 1533 1789 1573 vivere

107 1625 158 1651 eo
190 1610 316 1650 modo
344 1623 473 1664 posse,
503 1623 631 1663 quum
661 1622 784 1662 saepe
814 1623 910 1649 vere
940 1609 1039 1649 inde
1070 1610 1275 1664 prodeant
1304 1622 1417 1651 totae
1446 1610 1716 1666 pediculosae
1747 1619 1791 1649 et

108 1686 386 1741 deplumatae.
446 1685 528 1724 Sed
559 1694 621 1723 est
649 1683 693 1723 in
722 1698 873 1737 genere
904 1684 1237 1725 robustissimum
1268 1687 1319 1726 ad
1349 1686 1490 1727 onmia
1522 1687 1692 1728 ferenda
1723 1700 1790 1741 ge·

108 1777 202 1812 nus,
232 1762 343 1800 unde
374 1774 447 1815 per
476 1759 615 1800 omnia
646 1758 816 1799 climata
846 1759 1029 1815 speciem
1061 1760 1377 1816 multiplicavit.

246 1838 435 1876 Varietas
463 1841 502 1875 τί.
534 1834 717 1875 maxime
747 1834 791 1874 in
821 1835 1130 1876 australioribus
1161 1837 1358 1892 vulgaris,
1391 1852 1513 1893 saepe
1543 1852 1565 1877 e
1595 1837 1711 1892 nigra
1746 1846 1789 1876 et

109 1913 203 1954 alba
233 1923 404 1968 parente
433 1923 655 1967 prognata,
688 1911 871 1952 maxime
902 1911 1119 1967 singularis
1149 1912 1257 1952 mihi
1289 1913 1375 1953 v}sa
1404 1924 1484 1963 est,
1526 1925 1695 1969 propter
1723 1928 1789 1952 va-

109 1988 384 2043 riegationem
424 1999 697 2028 transversam
727 2004 799 2028 seu
829 1988 1051 2039 doliatam,
1105 2005 1199 2030 cum
1230 1989 1368 2045 potius
1397 2000 1555 2044 guttam
1584 2001 1626 2030 et
1655 2004 1791 2029 macu-

110 2065 199 2104 losa
226 2063 342 2104 omni
372 2063 632 2105 Gallinarum
661 2063 777 2120 plebi
807 2064 1005 2105 solemnis
1033 2065 1099 2106 sit.
1166 2069 1237 2105 Est
1268 2064 1372 2106 haec
1403 2067 1579 2105 varietas
1610 2065 1791 2120 plerum*

109 2155 189 2196 que
236 2139 645 2194 cinereo-fuscoque
687 2155 761 2195 per
804 2155 927 2180 omne
969 2155 1116 2196 corpus
1160 2141 1339 2190 doli-ata,
1398 2139 1442 2180 in
1471 2140 1622 2181 Tauria
1661 2139 1790 2180 etiam

111 2217 261 2257 dantur
287 2215 458 2270 insuper
484 2213 608 2254 luteis
640 2215 765 2268 guttis
795 2216 1011 2269 adspersae
1042 2227 1085 2255 et
1114 2216 1447 2270 elegantissimae
1477 2216 1630 2272 pictae.

247 2293 434 2332 Varietas
462 2308 496 2330 κ.
525 2293 706 2329 Tantum
745 2306 766 2330 a
807 2290 977 2330 curiosis
1008 2291 1160 2346 passim
1193 2292 1334 2339 alitur,
1376 2303 1417 2332 et
1447 2293 1573 2333 clima
1605 2303 1790 2332 nostrum

111 2382 230 2424 aegre
260 2368 364 2414 fert;
395 2377 604 2409 caeterum
633 2366 953 2407 foecundissima
984 2378 1027 2406 et
1055 2367 1319 2420 salac-issima,
1360 2380 1405 2410 ut
1435 2379 1527 2410 sunt
1565 2368 1668 2424 galli
1702 2371 1789 2423 ejus

110 2442 407 2504 pugnacissimi
438 2441 550 2483 inter
578 2457 722 2484 omnes
752 2455 795 2484 et
825 2443 1102 2487 audacissimi.

1328 2526 1348 2546 Φ
