2175 2931
911 205 1056 230 ΞΕ
1758 197 1816 247 69

140 308 209 350 vel
251 305 376 364 plicis
420 319 491 346 sex
531 303 599 345 vel
642 316 801 360 septem
837 302 1214 360 longitudinalibus
1245 303 1356 345 intus
1386 316 1575 361 pomata,
1631 317 1677 346 ut
1704 319 1816 349 recte

137 395 255 425 notat
284 386 320 423 K
330 386 528 423 leinius.
587 381 694 422 Caro
722 381 1000 436 pectoralium
1030 381 1310 422 musculorum
1339 392 1429 422 tota
1457 382 1584 422 fusca.

273 460 386 500 Not.
419 457 552 498 Mirae
566 459 816 505 Auctorum,
848 455 958 496 circa
989 455 1097 496 hanc
1129 471 1263 507 avem,
1293 455 1436 512 paucis
1467 456 1636 513 copiose
1667 457 1812 509 visam,

136 533 490 577 hallucinationes
518 532 792 588 prolixiorem
824 546 890 572 me
918 546 1007 572 esse
1038 543 1205 586 cogunt.
1264 535 1361 574 Non
1391 532 1524 573 solum
1561 533 1816 590 antiquiores

137 609 409 664 Ornithologi
441 623 463 649 e
494 607 763 649 varietatibus
794 623 816 647 a
846 607 940 648 loco
970 609 1038 648 vel
1069 610 1165 648 anni
1194 620 1384 665 tempore
1411 611 1690 665 pendentibus
1737 625 1825 665 spe-

136 686 246 728 eiem
278 684 631 741 multiplicarunt,
681 683 753 723 sed
782 682 910 723 etiam
939 683 1247 725 recentissimus
1277 687 1340 727 Ill.
1371 687 1658 740 Bussenius,
1717 685 1820 726 alias

133 762 179 804 in
207 759 495 817 expungendis
525 758 797 800 varietatibus
829 759 1062 807 exsultans,
1106 758 1150 799 in
1180 759 1259 801 hac
1291 777 1391 812 ave,
1436 763 1564 813 forte,
1609 774 1654 803 ut
1694 764 1823 803 Bris-

134 842 276 879 sonio
306 837 503 878 molestus
533 847 665 883 esset,
694 833 964 875 minutiosum
994 847 1187 891 tyronem
1217 837 1344 887 ludit,
1401 838 1706 894 levissimisque
1749 854 1817 879 au-

135 913 398 954 ctoritatibus
415 913 506 970 plus
525 911 689 962 tribuit,
708 926 830 967 quam
847 910 1096 965 judiciosum
1112 914 1298 952 Naturae
1315 925 1588 956 scrutatorem
1605 916 1739 955 decet.
1764 918 1818 967 (¹³)

134 991 183 1030 E.
214 989 399 1030 dissensu
435 1001 652 1030 auctorum
687 988 798 1028 inter
826 1002 927 1043 quos
956 988 1167 1044 plerisque
1198 987 1271 1028 vix
1302 1003 1430 1030 unum
1468 991 1697 1031 alterumve
1730 1003 1820 1046 spe-

134 1063 289 1105 cimem
319 1064 555 1120 Lagopodis
582 1064 795 1114 viderunt,
848 1064 956 1104 male
987 1063 1221 1113 concludit,
1275 1064 1458 1106 diversas
1487 1065 1531 1106 in
1563 1080 1687 1107 unam
1719 1082 1820 1108 con-

133 1140 253 1181 fundi
293 1140 463 1196 species
533 1141 641 1181 Cum
678 1139 767 1195 ipse
811 1150 853 1179 et
894 1140 1189 1180 Americanam
1231 1152 1274 1180 et
1316 1140 1573 1183 helveticam
1606 1157 1727 1182 avem
1758 1142 1819 1182 vi-

135 1215 291 1263 derim,
321 1226 363 1254 et
393 1217 636 1269 Lagopodas
666 1229 719 1254 ex
748 1213 863 1255 omni
893 1212 1070 1254 Sibiriae
1100 1214 1270 1255 climate
1303 1216 1528 1270 diligenter
1556 1217 1821 1270 contulerim,

134 1289 307 1330 rossicas
354 1301 510 1338 autem,
569 1304 664 1330 cuin
694 1288 801 1329 haec
831 1289 987 1338 scribo,
1046 1289 1236 1343 quotidie
1266 1305 1288 1330 e
1321 1292 1409 1332 foro
1440 1291 1596 1332 adlatas
1634 1293 1823 1334 conferre

134 1365 316 1422 possim3
372 1365 469 1405 satis
500 1364 605 1405 mihi
636 1363 784 1405 videor
813 1364 1071 1405 auctoritatis
1101 1363 1280 1416 habere,
1326 1378 1371 1406 ut
1401 1367 1632 1415 affirmem,
1682 1384 1827 1410 omnes

135 1442 393 1482 diversarum
423 1441 637 1496 regionem
667 1455 786 1490 aveS,
829 1456 929 1496 quas
970 1441 1204 1494 Buffonio
1245 1441 1473 1498 distiguere
1503 1443 1653 1495 libuit,
1698 1461 1825 1489 unam

139 1518 399 1572 eandemque
430 1532 517 1557 esse
545 1518 834 1573 Lagopodem,
867 1532 991 1572 quam
1021 1516 1170 1568 etiam,
1200 1517 1392 1573 hyberno
1422 1519 1605 1561 maxime
1620 1533 1824 1578 tempore,

161 1591 365 1632 een-{cum
395 1606 568 1633 numero
597 1604 638 1632 et
668 1592 808 1632 colore
839 1591 997 1633 variare
1028 1608 1050 1633 e
1081 1593 1365 1650 descriptione
1396 1611 1418 1635 a
1448 1611 1515 1636 me
1545 1597 1641 1637 data
1671 1598 1828 1653 liquet;

139 1667 252 1707 unde
293 1668 560 1720 Buffonius
596 1683 675 1709 nec
712 1669 1036 1709 Brissonium
1065 1680 1133 1709 aut
1168 1669 1557 1730 lVilZuglzbejum
1586 1675 1640 1714 ob
1669 1674 1826 1714 indica·

136 1754 224 1784 tum
266 1743 490 1784 rectricum
533 1758 753 1784 numerum
797 1743 1079 1799 reprehendre
1122 1747 1359 1796 debuisset,
1419 1749 1517 1789 dum
1547 1748 1637 1805 ipse
1667 1749 1827 1790 medias

136 1819 293 1859 caudae
322 1834 505 1875 pennas,
539 1834 644 1875 quae
675 1835 727 1860 ex
756 1819 1010 1860 intermedio
1039 1820 1121 1860 situ
1150 1821 1353 1876 genuinae
1383 1824 1578 1864 rectrices
1609 1835 1721 1870 sunt,
1753 1840 1823 1865 ne-

142 1893 285 1949 gligit,
317 1906 359 1935 et
388 1894 600 1951 duplicem
631 1911 860 1951 pennarum
891 1895 935 1935 in
966 1898 1095 1937 cauda
1125 1896 1315 1938 ordinem
1349 1897 1512 1948 statuit,
1546 1914 1720 1954 quorum
1737 1898 1826 1954 qui·

140 1969 247 2009 libet
283 1979 342 2021 ¹4·
372 1970 527 2026 plumis
555 1982 735 2021 constet,
768 1973 866 2012 dum
894 1983 1053 2027 tegetes
1082 1973 1292 2028 reliquae,
1337 1974 1626 2029 magnitudine
1658 1985 1700 2015 et
1728 1990 1826 2016 con-

140 2043 353 2093 sistentia,
386 2047 764 2087 multumamediis
779 2047 864 2088 illis
886 2048 1032 2104 pennis
1063 2048 1278 2089 differunt.
1338 2049 1539 2103 Quinimo
1567 2053 1833 2092 Linnaeus

140 2134 343 2169 errorem,
404 2137 486 2177 quo
515 2124 790 2176 Buffonius
828 2127 871 2163 (l.
903 2139 935 2163 c.
967 2140 1006 2179 p.
1039 2128 1146 2176 268.)
1188 2125 1354 2175 nititur,
1414 2125 1458 2166 in
1488 2126 1625 2182 priore
1665 2128 1828 2168 Faunae

139 2196 328 2236 suecicae
357 2195 544 2237 editione
586 2197 697 2238 circa
734 2197 1025 2238 definitionem
1060 2200 1296 2255 Lagopodis
1338 2201 1624 2251 commissum,
1671 2203 1829 2243 dudum

143 2273 180 2280 -—

194 2304 251 2354 (¹²¹)
280 2308 470 2352 Plerasque
498 2311 572 2353 ejus
608 2313 704 2343 circa
740 2310 831 2343 hanc
874 2322 977 2344 avem
1006 2311 1304 2346 hallucinationes
1332 2317 1551 2358 ccmparatis
1579 2316 1831 2358 speciminibus

275 2370 495 2402 Americanis
536 2382 617 2402 cuin
659 2374 864 2415 Ptarmigan
902 2375 1063 2415 scotiae,
1109 2377 1268 2407 correxit
1305 2373 1429 2408 Daines
1469 2373 1729 2417 Bai-rington
1767 2384 1829 2410 act.

275 2431 361 2471 angl.
395 2432 463 2464 vol.
491 2429 634 2466 LXiH.
665 2443 698 2476 p.
727 2442 804 2473 22÷.
