2175 2931
376 200 434 250 98
1139 204 1286 227 ²²²-

375 324 492 351 cursu
531 306 642 348 inter
679 321 720 347 se
757 306 913 347 alarum
957 302 1110 344 ictibus
1139 301 1390 358 pugillatum
1428 315 1638 343 exercere.
1710 304 1868 343 Amant
1911 303 2062 345 Otides

375 385 467 426 loca
498 382 800 432 desertissima,
833 382 975 430 arida,
1008 381 1058 419 ab
1088 379 1203 434 aquis
1232 379 1357 433 longe
1387 389 1570 427 remota,
1613 377 1859 433 praesertim
1894 391 2061 430 aestate,

373 459 690 517 prolificationis
728 470 931 514 tempore.
1001 457 1134 496 Nidus
1171 456 1291 495 fovea
1328 471 1472 510 parum
1509 466 1736 504 excavata,
1780 457 1823 494 in
1866 455 1992 510 plano
2022 466 2062 495 et

371 538 484 577 nudo
515 551 676 591 campo,
708 532 1103 591 pedali-diametro,
1134 531 1320 586 gramine
1351 531 1561 572 exsiccato
1585 529 1903 586 superficialiter
1925 541 2062 578 strata;

370 613 462 653 Ova
491 628 566 668 pro
596 623 711 652 tanta
741 626 815 651 ave
845 625 970 665 parva
989 640 999 658 ,
1058 607 1235 648 anatinis
1266 607 1561 662 subaequalia,
1608 607 1730 656 bina,
1776 607 1827 646 ad
1858 621 2064 647 summum

369 700 569 743 quaterna
588 719 599 735 ,
654 688 840 743 pondere
876 685 1091 726 unciarum
1120 693 1157 734 4.
1190 684 1257 724 vel
1287 694 1343 734 45.
1375 683 1578 723 diametro
1631 682 1822 724 verticali
1853 684 1911 724 3²².
1939 692 2066 723 trans-

371 778 490 804 verso
521 765 646 820 paulo
678 779 797 818 supra
829 766 885 802 2¹².
919 761 1058 801 colore
1091 760 1282 801 olivaceo
1302 760 1610 815 -pallescente,
1642 758 1776 800 lituris
1806 757 2064 812 maculisque

370 839 495 880 fuscis
539 850 834 895 conspurcata,
895 839 981 877 fere
1023 837 1152 877 instar
1192 851 1365 876 ovorum
1409 838 1636 891 Arquatae.
1714 837 1891 875 Incubat
1932 846 2065 876 mater

369 926 546 970 quatuor
575 915 854 970 septimanas3
896 913 1019 954 Junio
1050 917 1182 968 pullos
1211 911 1426 962 excludit,
1468 926 1644 967 parvos,
1682 910 1750 950 ‘uti
1779 925 1884 960 ova,
1931 911 2064 950 fusco-

370 1005 544 1046 gryseo‚
590 991 834 1046 palhdoque
881 988 1248 1044 longitudinaliter
1290 987 1452 1037 varios,
1506 986 1786 1043 lanuginosos.
1858 988 2065 1041 Percepto

370 1065 548 1106 homine
580 1081 665 1105 mas
696 1081 798 1106 sono
828 1064 1137 1113 amoenissimo,
1168 1067 1298 1113 tenui,
1331 1063 1403 1102 sed
1433 1063 1557 1117 longe
1588 1061 1856 1102 exaudiendo
1895 1075 2065 1116 gregem

370 1142 597 1183 admonet2
628 1142 727 1180 dum
759 1141 859 1181 alias
889 1143 975 1180 fere
1007 1151 1146 1180 mutae
1177 1139 1272 1179 sint.
1333 1137 1516 1193 Fugiunt
1544 1137 1726 1193 primum
1756 1153 1889 1187 cur-sn,
1921 1149 2065 1178 erecto

373 1217 503 1258 instar
533 1216 809 1272 Scolocapum
841 1217 979 1266 collo,
1010 1217 1179 1256 tandem
1211 1215 1328 1254 tarde
1359 1225 1402 1254 et
1431 1215 1560 1268 longo
1589 1225 1725 1254 tractu
1754 1214 1988 1263 subvolant,
2019 1224 2066 1254 ut

372 1292 489 1339 alibi,
519 1291 706 1345 lccisque
736 1292 921 1332 maxime
953 1290 1104 1347 apricis
1135 1290 1392 1330 consideant.
1453 1291 1622 1344 Sponte,
1654 1300 1772 1329 extra
1801 1288 2065 1344 migrationis

370 1379 535 1423 tempus
566 1366 639 1406 vix
671 1367 839 1413 volant,
897 1368 969 1407 sed
999 1365 1186 1406 tramites
1218 1365 1329 1405 circa
1356 1364 1479 1405 nidos
1509 1365 1713 1405 currendo
1744 1364 1960 1415 efficiunt,
2019 1364 2065 1406 in

371 1443 521 1498 quibus
553 1440 732 1482 Sibiriae
762 1441 927 1482 incolae
957 1443 1128 1496 laqueos
1159 1452 1337 1481 statuere
1367 1441 1513 1482 solent.
1572 1443 1664 1483 Mas
1696 1441 1804 1482 solus
1835 1443 1886 1482 ad
1915 1456 2066 1496 aquam

373 1519 563 1567 accedit,
608 1528 650 1557 et
688 1517 906 1558 incubanti
948 1517 1157 1557 foeminae
1200 1529 1346 1572 potum
1386 1517 1432 1556 in
1461 1532 1581 1557 sacco
1625 1516 1879 1571 sublinguali
1928 1518 2065 1558 adfert

372 1595 445 1650 qui
475 1593 684 1634 foeminae
715 1595 841 1634 deest.
903 1596 1017 1633 Haec
1046 1593 1161 1633 enim
1191 1592 1336 1633 nidum
1367 1608 1450 1633 non
1483 1592 1607 1633 facilc
1639 1592 1819 1640 deserit,
1862 1603 1902 1633 et
1932 1607 2062 1649 prope

375 1681 613 1711 transeunte
645 1669 787 1726 equite
817 1680 990 1710 extenso
1019 1670 1131 1710 00110
1161 1683 1202 1708 se
1233 1668 1432 1725 apprimit
1461 1680 1617 1718 terrae,
1656 1679 1702 1709 ut
1730 1668 1806 1709 xix
1836 1679 2062 1725 appareant

373 1745 565 1794 homini3
608 1746 680 1785 sed
711 1746 943 1801 sagaciores
974 1746 1071 1800 equi
1102 1760 1223 1802 saepe
1254 1755 1478 1801 conspecta
1508 1744 1552 1784 in
1583 1744 1684 1785 nido
1714 1744 1844 1786 Otide
1874 1744 2062 1786 fulminis

372 1821 501 1862 instar
534 1820 695 1876 impetu
726 1822 938 1871 feruntur,
985 1833 1026 1862 et
1057 1837 1175 1862 avem
1205 1822 1382 1878 pedibus
1413 1821 1674 1861 conculcant.
1734 1822 1866 1862 Curru
1895 1820 1978 1860 iter
2006 1822 2062 1861 fa-

373 1897 532 1939 cientes
550 1929 559 1947 ‚
592 1899 692 1937 dum
720 1897 764 1937 in
793 1898 951 1953 campis
979 1909 1228 1953 pascuntur,
1258 1912 1388 1953 prope
1419 1897 1617 1936 accedere
1650 1895 1887 1951 patiuntur,
1918 1911 2062 1952 specu-

374 1974 608 2022 labundae,
653 1974 725 2013 sed
766 1973 943 2013 minimo
980 1972 1165 2014 hominis
1204 1984 1321 2027 gestu
1349 1972 1393 2012 in
1422 1974 1561 2027 fugam
1596 1983 1821 2012 vertuntur.
1894 1975 2060 2028 Equum

375 2051 446 2100 velv
474 2059 659 2089 armenta
688 2064 772 2088 non
802 2048 979 2098 timent,
1036 2049 1109 2088 sed
1138 2048 1356 2089 hominem
1387 2064 1409 2089 e
1438 2048 1668 2104 longinquo
1698 2047 1885 2103 fugiunt,
1929 2048 2060 2091 etiam

373 2124 591 2166 inermem.
663 2128 888 2180 Propterea
925 2136 1140 2165 venatores
1179 2125 1246 2165 vel
1284 2136 1378 2181 post
1414 2140 1566 2180 equum
1603 2125 1804 2174 latentes,
1857 2125 1924 2165 vel
1954 2124 2058 2166 tecti

373 2201 486 2242 lineo
516 2201 610 2242 velo
642 2202 753 2255 quod
784 2199 912 2241 instar
942 2200 1049 2241 scuti
1080 2212 1174 2241 ante
1205 2216 1247 2241 se
1278 2216 1507 2257 expansum
1537 2212 1708 2256 gerunt,
1741 2200 1849 2241 intra
1879 2200 2058 2256 sclopeti

373 2275 503 2318 ictum
540 2278 737 2318 accedere
776 2276 1029 2318 didicerunt.
1101 2278 1274 2320 Cosam
1313 2280 1365 2318 ad
1401 2281 1561 2318 Tanain
1599 2293 1718 2333 supra
1748 2292 1867 2317 axem
1899 2278 2056 2317 duabus

373 2352 519 2393 rotulis
548 2353 790 2394 instructam
821 2353 1000 2410 virgulta
1029 2355 1158 2408 figunt
1175 2365 1216 2391 e*
1241 2352 1300 2393 sic
1330 2354 1580 2409 reptabundi
1611 2365 1717 2394 rotas
1747 2366 1841 2394 ante
1858 2369 1899 2394 se
1915 2362 2055 2406 agunt,

342 2436 414 2491 ,ut
441 2438 536 2482 post
565 2428 744 2484 virgulta
772 2429 853 2471 illa
891 2431 1069 2472 latentes
1112 2431 1263 2472 Oti-les
1293 2429 1454 2470 fallant.
1527 2430 1680 2473 Carnes
1709 2429 1977 2487 pinguiorum
2007 2437 2051 2469 et
