2175 2931
376 204 436 258 96
1138 212 1287 236 ’ΞΣ-Ξ

380 315 663 366 Gallinaceis,
695 314 808 370 quod
838 314 921 356 sint
951 319 1236 369 monogamae,
1268 311 1571 368 migratioriae,
1610 314 1834 372 pleraeque
1875 330 2068 372 aquaram

382 405 504 449 atque
551 384 751 450 paludum
782 375 1157 441 amante-QZictu
1188 389 1360 445 animali
1391 390 1540 446 magis,
1588 407 1712 448 quam
1742 392 1971 447 vegetabili
2000 394 2069 434 ad-

379 471 540 520 dictae,
591 469 773 523 ideoque
805 479 847 512 et
882 466 1069 522 inglux‘fie
1109 478 1296 508 carentes
1327 478 1368 508 et
1398 467 1632 509 ventriculo
1667 468 1803 509 minus
1834 469 2067 510 musculoso

381 546 494 588 haud
524 545 777 586 triturantes.
836 546 943 585 Pulli
972 555 1112 586 tamen
1142 544 1186 585 in
1217 543 1410 585 omnibus
1439 556 1662 586 nascuntur
1692 543 1848 600 apertis
1879 544 2010 585 oculis
2026 556 2069 586 et

380 622 520 666 statim
552 632 726 662 matrem
756 632 967 675 sequntur.
1030 623 1122 663 Vox
1150 620 1360 677 plerisque
1389 636 1489 671 rara,
1521 633 1563 661 et
1587 620 1750 676 aliquae
1774 621 1898 677 plane
1929 632 2067 661 mutae

380 711 500 748 sunt3
532 699 673 739 lavant
704 697 854 747 etiam,
887 713 963 740 nee
994 698 1281 754 pulverantur:
1312 697 1452 738 saltim
1480 698 1720 753 pleraeque,
1754 712 1836 738 non
1869 696 1984 738 enim
2014 698 2067 738 de

379 774 573 817 omnibus
603 774 810 814 affirmare
841 774 983 814 ausim.
1044 776 1208 815 Colores
1237 775 1321 816 fere
1343 773 1387 815 in
1409 774 1603 815 omnibus
1632 773 1745 814 haud
1775 775 2067 830 splendentem

378 867 570 908 gryseus,
602 851 880 907 ferrugineus,
922 851 1122 907 pallidus,
1163 852 1302 899 albus,
1331 866 1428 891 cum
1458 849 1577 904 nigro
1610 851 1750 900 mixti,
1784 850 2069 906 variegatione

378 929 557 969 diversa.
629 927 837 970 Omnibus
877 929 1009 968 cauda
1048 927 1207 977 brevis,
1264 942 1315 967 ne
1346 927 1390 967 in
1421 928 1572 983 palude
1614 926 1923 967 ambulantibus
1961 937 2070 966 esset

378 1003 700 1061 impedimento.
760 1004 986 1059 Pleraeque
1018 1017 1110 1044 sunt
1140 1004 1304 1044 culinae
1336 1015 1430 1059 apta
1461 1004 1629 1055 fercula,
1663 1014 1705 1044 et
1725 1004 1929 1060 quaedam
1960 1001 2071 1047 inter

378 1079 704 1136 exquisitissima
742 1079 971 1136 apiciorum
1004 1080 1324 1120 delectamenta.

879 1232 1085 1286 XXXV.
1156 1233 1204 1282 O
1242 1234 1336 1283 TI
1370 1235 1414 1284 Ι)
1451 1235 1489 1283 E
1524 1233 1569 1283 S.

518 1379 696 1422 Otidum
726 1395 874 1436 genus,
905 1381 1178 1437 tridactylum
1210 1393 1252 1423 et
1280 1382 1324 1422 in
1356 1381 1470 1422 omni
1501 1380 1613 1422 orbis
1642 1392 1760 1437 parte
1791 1378 1967 1421 minime
1996 1397 2067 1422 nu-

381 1469 609 1507 merosum,
642 1468 773 1498 rostro
802 1457 994 1513 proxime
1027 1460 1078 1498 ad
1109 1460 1401 1503 Pulveratrices
1431 1457 1619 1506 accedit,
1662 1459 1761 1498 dum
1792 1457 1970 1514 pedibus
2000 1459 2070 1499 de-

381 1531 546 1572 nudatis
562 1544 607 1573 et
636 1533 747 1574 collo
761 1534 976 1589 elongato,
1009 1549 1086 1575 nec
1116 1550 1198 1575 non
1230 1534 1378 1575 habitu
1409 1534 1593 1590 corporis
1622 1533 1785 1588 reliquo
1815 1544 1857 1573 et
1886 1533 2070 1574 moribus

383 1608 535 1654 Grallz‘s
563 1624 605 1649 se
636 1609 991 1664 consanguineum
1029 1613 1215 1666 praehet.
1286 1614 1382 1665 Ejus
1415 1611 1520 1651 duae
1548 1620 1718 1667 ‚tantum
1749 1610 1859 1667 apud
1888 1624 1980 1662 nos,
1999 1621 2002 1623 ’
2023 1619 2070 1653 ut

383 1683 427 1726 in
455 1685 615 1742 reliqua
645 1689 829 1742 Europa,
861 1687 1132 1728 observantur
1160 1686 1333 1743 species.

895 1812 1010 1856 236.
1094 1813 1135 1855 O
1155 1812 1237 1855 TI
1258 1812 1285 1854 S
1360 1813 1559 1857 Tarda.

521 1914 575 1956 O.
604 1913 1002 1965 canescenti-alba,
1055 1917 1176 1956 dorso
1204 1915 1317 1962 fulvo
1356 1916 1558 1972 nigroque
1589 1915 1767 1968 doliato,
1820 1917 1916 1972 gula
1946 1915 2069 1959 maris

385 1989 577 2048 utrinque
607 1992 791 2031 barbata.

607 2066 698 2107 Otis
740 2083 771 2108 s.
814 2067 953 2107 Tardo
998 2078 1231 2116 auctorum,
1297 2067 1516 2124 Wllughb.
1561 2085 1645 2110 orn.
1683 2086 1722 2125 p.
1768 2087 1854 2122 ¹29·
1886 2070 1970 2111 tab.
2003 2075 2068 2114 32.

656 2144 748 2201 Raj.
787 2160 851 2185 αυ.
893 2162 932 2200 p.
970 2151 1031 2185 36.
1075 2145 1251 2184 Doclart.
1289 2155 1369 2186 act.
1399 2148 1473 2186 III.
1513 2163 1551 2202 p.
1584 2153 1676 2198 309.
1725 2148 1864 2188 Albin.
1895 2162 1960 2187 av.
1991 2147 2067 2190 III.

660 2220 745 2260 tab.
779 2227 841 2262 38.
876 2228 940 2272 39.
973 2218 1122 2274 (male)
1154 2221 1305 2261 Frzsch.
1337 2238 1401 2262 av.
1433 2223 1516 2263 tab.
1556 2230 1642 2265 106.
1673 2238 1712 2263 a.
1741 2222 1779 2264 b.
1811 2225 1906 2264 Mas
1936 2233 1978 2263 et
2007 2223 2068 2263 fe-

661 2295 788 2338 mina.
822 2297 1013 2342 Edward.
1045 2312 1108 2336 av.
1142 2296 1225 2336 tab.
1259 2304 1323 2350 73.
1357 2308 1423 2352 74.
1465 2303 1578 2342 Zool.
1609 2300 1699 2341 brit.
1732 2317 1772 2356 p.
1804 2306 1869 2353 87.
1901 2299 1982 2339 tab.
2012 2298 2066 2340 Ν.

660 2387 761 2414 mas.
791 2376 969 2414 Brtsson.
1001 2388 1084 2413 orn.
1117 2373 1162 2411 V.
1194 2389 1233 2427 p.
1271 2380 1331 2414 18.
1363 2376 1577 2417 D‘aubent.
1608 2381 1705 2431 pict.
1735 2377 1818 2421 tab.
1845 2383 1935 2429 245.
1966 2389 2066 2416 mas·

613 2447 707 2492 Otia
735 2451 894 2500 Tarda,
924 2452 1012 2500 Lin,
1042 2458 1145 2504 Syst.
1176 2449 1270 2491 XII.
1300 2452 1333 2492 I.
1361 2467 1403 2509 p.
1436 2459 1528 2504 264.
1558 2468 1618 2509 sp.
1654 2471 1688 2497 ι,
