2175 2931
841 177 989 200 Ξ
1657 176 1742 216 245

286 283 398 321 Anas
427 278 563 324 fusca,
621 278 706 317 Lin.
738 286 841 331 syst.
871 277 966 316 ΧΠ.
997 277 1027 315 Ι.
1059 291 1099 331 p.
1135 281 1221 327 196.
1250 291 1311 331 sp.
1347 281 1382 316 6.
1418 274 1578 330 Jaquin.
1610 290 1673 314 αυ.
1705 291 1744 330 p.

344 372 407 395 20.
438 370 476 394 η.
514 359 573 395 15.
605 353 689 393 tab.
719 359 756 393 6.

287 432 450 474 Grande
479 442 717 477 macrense,
760 429 975 469 D’aubent.
1005 434 1099 484 pict.
1128 427 1211 468 tab.
1244 435 1337 479 956,
1368 442 1479 477 maS,
1512 426 1596 467 tab.
1632 442 1746 478 1107.

343 505 539 548 foemina.
592 506 758 559 Chappe
788 505 826 543 d’
858 507 1070 546 auteroche
1099 509 1144 545 it.
1174 505 1249 545 sib.
1278 506 1311 545 I.
1344 521 1384 560 p.
1422 520 1508 555 199.
1542 519 1632 543 202.
1664 502 1748 542 tab.

347 600 407 622 10.
439 584 521 621 situ
549 592 592 621 et
621 579 771 620 habitu
799 579 975 620 vitiosis.

283 658 436 697 Velvet
463 657 611 703 Duck,
640 656 760 696 Penn.
792 656 908 696 Zool.
941 664 1038 695 arch.
1070 657 1124 696 H.
1154 671 1192 696 n.
1226 673 1315 712 272.
1347 656 1430 698 tab.
1465 662 1530 708 96.
1559 656 1747 694 Latham.

341 749 405 773 av.
435 734 548 787 VLp.
582 738 672 774 555.
704 747 741 772 n.
773 738 867 783 482.

175 808 316 850 Rossis
345 807 558 864 Pctropoli
585 809 766 857 Swz'rolz,
811 805 855 847 in
889 806 1042 848 Sibiria
1074 808 1291 848 Tschernoi
1325 809 1514 861 Τανρᾶη,
1549 805 1641 847 aliis
1671 806 1748 845 Go-

231 886 364 925 lowniz
393 885 596 938 (Carbo),
626 884 678 923 ad
706 885 997 938 Tunguskam,
1029 895 1199 940 propter
1228 883 1474 924 aviditatem
1503 898 1585 937 qua
1612 880 1747 937 pisces

232 971 428 1009 venatur,
459 959 727 1001 Nemodschik
758 958 992 1013 (Piscator).
1047 958 1415 1014 Mangaseensibus
1444 959 1580 999 Alzle'i.

175 1035 332 1077 Jacutis
363 1047 406 1075 et
434 1033 620 1075 Lamutis
649 1035 791 1088 Andy.
851 1034 1092 1075 Baschkiris
1128 1036 1248 1076 Yrolz.

179 1109 590 1165 Mongolo-Buraetis
611 1111 931 1165 Uhir-nogossdn
962 1112 1093 1160 (Anas
1126 1116 1285 1166 vacca),
1317 1111 1385 1151 vel
1417 1111 1747 1153 Ukir-Karaschi.

175 1186 380 1241 Tungusis
409 1187 622 1242 Nopoke‘li.
679 1185 862 1227 Ostiacis
895 1186 1068 1227 Tulbuk.

200 1265 259 1302 Ut
294 1276 385 1301 raro
427 1261 471 1300 in
507 1264 696 1315 Europa,
755 1260 816 1301 ita
855 1261 1062 1317 vulgaris,
1120 1261 1208 1303 imo
1249 1262 1584 1317 frequentissima
1614 1272 1675 1301 est
1705 1260 1750 1301 in

66 1337 287 1379 maritimis
329 1334 501 1376 Rossiae
544 1347 586 1375 et
630 1335 807 1377 Sibiriae
848 1336 1087 1378 borealibus
1131 1349 1175 1377 et
1217 1337 1328 1378 circa
1368 1348 1501 1377 vastos
1530 1337 1678 1377 fluvios
1708 1346 1751 1376 et

65 1414 178 1455 lacus
200 1432 214 1460 ,-
270 1423 457 1467 angustas
486 1411 600 1451 enim
630 1426 755 1467 aquas
785 1411 915 1467 fugit,
955 1413 1053 1468 quia
1080 1413 1225 1468 inepto
1255 1413 1399 1452 volatu
1429 1412 1564 1452 minus
1591 1422 1680 1451 tuta
1710 1421 1753 1451 et

66 1490 246 1547 pedibus
274 1504 435 1535 manca,
463 1489 574 1527 unde
604 1502 769 1543 semper
796 1488 841 1528 in
871 1489 957 1529 alto
988 1500 1183 1538 versatur,
1216 1488 1422 1528 urinatrix
1452 1487 1630 1543 egregia,
1664 1488 1751 1528 imo

68 1581 195 1621 quum
225 1575 466 1604 venatorem
495 1561 630 1611 timet,
663 1578 784 1618 saepe
808 1563 879 1603 diu
895 1565 969 1603 sub
993 1579 1096 1618 aqua
1123 1564 1269 1612 latens,
1299 1564 1390 1603 solo
1414 1574 1546 1604 rostro
1570 1575 1750 1604 exserto.

68 1644 115 1680 In
145 1639 263 1680 terris
295 1637 460 1678 arcticis
490 1649 532 1677 et
562 1637 854 1679 Camtschatca
890 1638 1101 1679 foeminae
1135 1639 1261 1693 longe
1292 1639 1552 1679 adscendunt
1580 1638 1751 1679 flumina

68 1728 110 1756 et
138 1716 183 1756 in
222 1712 537 1755 mediterraneis
579 1713 749 1753 lacubus
779 1725 821 1753 et
849 1714 1003 1769 stagnis
1031 1713 1256 1761 incubant,
1308 1714 1407 1754 dum
1438 1730 1595 1762 mares3
1631 1719 1750 1754 ‘ante

71 1792 280 1833 exclusam
312 1790 473 1845 prolem
504 1790 555 1828 ad
584 1804 695 1829 mare
726 1790 914 1839 redeunt,
946 1790 1261 1846 insequentibus
1282 1788 1406 1843 longe
1429 1801 1524 1844 post
1552 1788 1749 1829 foeminis

70 1883 164 1909 cum
192 1865 330 1922 punis.
400 1866 554 1905 Niciam
583 1864 692 1905 inter
722 1865 878 1922 scirpos
908 1877 951 1905 et
981 1865 1201 1906 arundines
1228 1864 1461 1905 fluitantem
1491 1875 1666 1914 texunt,
1704 1875 1750 1905 ut

72 1942 187 1997 aquis
214 1941 373 1988 levari,
411 1956 495 1981 non
525 1956 622 1981 vero
655 1941 790 1981 ventis
820 1940 1048 1996 circumagi
1075 1941 1218 1997 possit.
1278 1941 1369 1981 Ova
1398 1939 1550 1980 virenti
1580 1939 1750 1980 sordido

74 2019 179 2067 alba,
210 2016 384 2057 maculis
407 2015 531 2056 fuscis
546 2016 856 2073 inaequalibus,
886 2017 1144 2072 cinereisque
1168 2015 1392 2066 maioribus
1408 2032 1557 2072 sparsa.
1617 2016 1750 2055 Stulta

72 2091 340 2146 caeteroquin
371 2091 469 2141 avis,
500 2093 769 2149 omniumque
799 2093 1133 2148 frequentissime
1161 2092 1205 2132 in
1235 2093 1406 2147 laqueos
1436 2103 1624 2132 natantes
1646 2090 1751 2132 inci—

73 2170 159 2219 dit,
177 2167 436 2225 praesertim
466 2183 560 2208 cuni
589 2183 683 2209 vere
714 2179 757 2208 et
786 2179 982 2209 autumno
1012 2168 1216 2222 gregatim
1243 2178 1413 2216 natant,
1449 2178 1492 2208 et
1521 2169 1574 2209 ob
1609 2167 1750 2207 libidi-

72 2261 170 2286 nem
212 2259 414 2284 summam
459 2258 589 2283 mares
632 2242 866 2299 expositam
908 2243 953 2283 in
995 2243 1111 2298 aquis
1151 2244 1323 2283 fai-ctam
1353 2244 1508 2299 pellem
1540 2242 1749 2284 foeminae

74 2319 216 2374 (Russi
245 2320 486 2359 Mandschz'k
516 2323 683 2372 vocant)
715 2319 922 2374 subigunt.
983 2320 1139 2375 Captae
1168 2336 1250 2360 vox
1279 2319 1406 2366 nulla,
1434 2319 1505 2360 sed
1534 2318 1750 2360 iracundia

75 2396 284 2446 maxima,
324 2394 385 2435 ita
412 2405 457 2435 ut
486 2394 702 2436 hominem
733 2407 774 2436 et
804 2410 924 2437 canes
955 2395 1078 2437 sibilo
1109 2411 1328 2452 morsuque
1361 2406 1556 2452 appetere
1585 2395 1748 2446 audeat,
