<?xml version="1.0" encoding="UTF-8"?>
<!DOCTYPE html PUBLIC "-//W3C//DTD XHTML 1.0 Transitional//EN"
    "http://www.w3.org/TR/xhtml1/DTD/xhtml1-transitional.dtd">
<html xmlns="http://www.w3.org/1999/xhtml" xml:lang="en" lang="en">
 <head>
  <title>
</title>
<meta http-equiv="Content-Type" content="text/html;charset=utf-8" />
  <meta name='ocr-system' content='tesseract 3.04.00' />
  <meta name='ocr-capabilities' content='ocr_page ocr_carea ocr_par ocr_line ocrx_word'/>
</head>
<body>
  <div class='ocr_page' id='page_1' title='image "./zoographiarossoa22pall_0054.png"; bbox 0 0 2175 2931; ppageno 0'>
   <div class='ocr_carea' id='block_1_1' title="bbox 377 222 1338 264">
    <p class='ocr_par' dir='ltr' id='par_1_1' title="bbox 377 222 1338 264">
     <span class='ocr_line' id='line_1_1' title="bbox 377 222 1338 264; baseline -0.004 0"><span class='ocrx_word' id='word_1_1' title='bbox 377 222 432 264; x_wconf 50' lang='grc' dir='ltr'><strong>πθ</strong></span> <span class='ocrx_word' id='word_1_2' title='bbox 1193 225 1338 248; x_wconf 52' lang='lat' dir='ltr'><em>z</em></span> 
     </span>
    </p>
   </div>
   <div class='ocr_carea' id='block_1_2' title="bbox 374 323 2054 2414">
    <p class='ocr_par' dir='ltr' id='par_1_2' title="bbox 596 323 1819 382">
     <span class='ocr_line' id='line_1_2' title="bbox 596 323 1819 382; baseline -0.002 -13"><span class='ocrx_word' id='word_1_3' title='bbox 596 326 920 382; x_wconf 66' lang='lat' dir='ltr'><strong>Montifringilla</strong></span> <span class='ocrx_word' id='word_1_4' title='bbox 950 323 1291 379; x_wconf 74' lang='lat' dir='ltr'><strong>leucocepha108‚</strong></span> <span class='ocrx_word' id='word_1_5' title='bbox 1352 324 1478 365; x_wconf 81' lang='lat' dir='ltr'><strong>Gmel.</strong></span> <span class='ocrx_word' id='word_1_6' title='bbox 1506 340 1583 368; x_wconf 63' lang='lat' dir='ltr'><strong>sen„</strong></span> <span class='ocrx_word' id='word_1_7' title='bbox 1617 326 1701 367; x_wconf 74' lang='lat' dir='ltr'><strong>obs.</strong></span> <span class='ocrx_word' id='word_1_8' title='bbox 1732 327 1819 366; x_wconf 82' lang='lat' dir='ltr'><strong>MS.</strong></span> 
     </span>
    </p>

    <p class='ocr_par' dir='ltr' id='par_1_3' title="bbox 593 399 1767 454">
     <span class='ocr_line' id='line_1_3' title="bbox 593 399 1767 454; baseline -0.004 -9"><span class='ocrx_word' id='word_1_9' title='bbox 593 403 811 445; x_wconf 86' lang='lat' dir='ltr'><strong>Emberiza</strong></span> <span class='ocrx_word' id='word_1_10' title='bbox 839 413 1034 443; x_wconf 84' lang='lat' dir='ltr'><strong>montana</strong></span> <span class='ocrx_word' id='word_1_11' title='bbox 1064 399 1322 454; x_wconf 81' lang='lat' dir='ltr'><strong>rubiginosa,</strong></span> <span class='ocrx_word' id='word_1_12' title='bbox 1377 401 1534 442; x_wconf 62' lang='lat' dir='ltr'><strong>‘Stellen</strong></span> <span class='ocrx_word' id='word_1_13' title='bbox 1565 402 1650 441; x_wconf 79' lang='lat' dir='ltr'><strong>obs.</strong></span> <span class='ocrx_word' id='word_1_14' title='bbox 1679 403 1767 441; x_wconf 83' lang='lat' dir='ltr'><strong>MS.</strong></span> 
     </span>
    </p>

    <p class='ocr_par' dir='ltr' id='par_1_4' title="bbox 593 476 1957 532">
     <span class='ocr_line' id='line_1_4' title="bbox 593 476 1957 532; baseline -0.004 -12"><span class='ocrx_word' id='word_1_15' title='bbox 593 479 811 520; x_wconf 86' lang='lat' dir='ltr'><strong>Emberiza</strong></span> <span class='ocrx_word' id='word_1_16' title='bbox 841 476 1113 531; x_wconf 77' lang='lat' dir='ltr'><strong>Pithyomus,</strong></span> <span class='ocrx_word' id='word_1_17' title='bbox 1172 476 1276 516; x_wconf 83' lang='lat' dir='ltr'><strong>Pall.</strong></span> <span class='ocrx_word' id='word_1_18' title='bbox 1307 480 1393 516; x_wconf 78' lang='lat' dir='ltr'><strong>itin.</strong></span> <span class='ocrx_word' id='word_1_19' title='bbox 1422 479 1476 516; x_wconf 91' lang='grc' dir='ltr'><strong>Π.</strong></span> <span class='ocrx_word' id='word_1_20' title='bbox 1506 493 1600 532; x_wconf 85' lang='lat' dir='ltr'><strong>app.</strong></span> <span class='ocrx_word' id='word_1_21' title='bbox 1631 493 1669 532; x_wconf 87' lang='lat' dir='ltr'><strong>p.</strong></span> <span class='ocrx_word' id='word_1_22' title='bbox 1701 493 1793 529; x_wconf 90' lang='lat'>710.</span> <span class='ocrx_word' id='word_1_23' title='bbox 1826 492 1863 515; x_wconf 85' lang='lat' dir='ltr'><strong>n.</strong></span> <span class='ocrx_word' id='word_1_24' title='bbox 1894 493 1957 517; x_wconf 76' lang='lat'><strong>20.</strong></span> 
     </span>
    </p>

    <p class='ocr_par' dir='ltr' id='par_1_5' title="bbox 593 549 2049 685">
     <span class='ocr_line' id='line_1_5' title="bbox 593 549 2049 609; baseline -0.001 -14"><span class='ocrx_word' id='word_1_25' title='bbox 593 553 811 595; x_wconf 84' lang='lat' dir='ltr'><strong>Emberiza</strong></span> <span class='ocrx_word' id='word_1_26' title='bbox 841 549 1183 605; x_wconf 85' lang='lat' dir='ltr'><strong>leucocephalos,</strong></span> <span class='ocrx_word' id='word_1_27' title='bbox 1223 552 1350 593; x_wconf 67' lang='lat' dir='ltr'><strong>Grnel.</strong></span> <span class='ocrx_word' id='word_1_28' title='bbox 1375 556 1461 609; x_wconf 77' lang='lat' dir='ltr'><strong>jun.</strong></span> <span class='ocrx_word' id='word_1_29' title='bbox 1490 553 1595 593; x_wconf 84' lang='lat' dir='ltr'><strong>Nov.</strong></span> <span class='ocrx_word' id='word_1_30' title='bbox 1625 553 1740 592; x_wconf 87' lang='lat' dir='ltr'><strong>Com.</strong></span> <span class='ocrx_word' id='word_1_31' title='bbox 1769 553 1928 607; x_wconf 77' lang='lat' dir='ltr'><strong>Petrop.</strong></span> <span class='ocrx_word' id='word_1_32' title='bbox 1957 553 2049 593; x_wconf 70' lang='lat' dir='ltr'><strong>XI.</strong></span> 
     </span>
     <span class='ocr_line' id='line_1_6' title="bbox 647 627 1591 685; baseline 0 -17"><span class='ocrx_word' id='word_1_33' title='bbox 647 646 686 685; x_wconf 91' lang='lat' dir='ltr'><strong>p.</strong></span> <span class='ocrx_word' id='word_1_34' title='bbox 717 635 809 678; x_wconf 76' lang='grc'><strong>480.</strong></span> <span class='ocrx_word' id='word_1_35' title='bbox 841 627 923 666; x_wconf 77' lang='lat' dir='ltr'><strong>tab.</strong></span> <span class='ocrx_word' id='word_1_36' title='bbox 956 633 1018 666; x_wconf 77' lang='lat'><strong>23.</strong></span> <span class='ocrx_word' id='word_1_37' title='bbox 1040 627 1122 681; x_wconf 74' lang='lat' dir='ltr'><strong>fig.</strong></span> <span class='ocrx_word' id='word_1_38' title='bbox 1155 634 1192 668; x_wconf 74' lang='lat'><strong>3.</strong></span> <span class='ocrx_word' id='word_1_39' title='bbox 1225 627 1373 683; x_wconf 81' lang='lat' dir='ltr'><strong>(plag.)</strong></span> <span class='ocrx_word' id='word_1_40' title='bbox 1589 633 1591 635; x_wconf 77' lang='grc'><strong>’</strong></span> 
     </span>
    </p>

    <p class='ocr_par' dir='ltr' id='par_1_6' title="bbox 593 702 2048 833">
     <span class='ocr_line' id='line_1_7' title="bbox 593 702 2048 758; baseline 0.001 -14"><span class='ocrx_word' id='word_1_41' title='bbox 593 703 809 744; x_wconf 84' lang='lat' dir='ltr'><strong>Emberiza</strong></span> <span class='ocrx_word' id='word_1_42' title='bbox 851 702 989 756; x_wconf 84' lang='lat' dir='ltr'><strong>capite</strong></span> <span class='ocrx_word' id='word_1_43' title='bbox 1031 702 1311 743; x_wconf 77' lang='lat' dir='ltr'>diversimode</span> <span class='ocrx_word' id='word_1_44' title='bbox 1341 703 1532 755; x_wconf 75' lang='lat' dir='ltr'><strong>Fasciato,</strong></span> <span class='ocrx_word' id='word_1_45' title='bbox 1590 706 1758 758; x_wconf 78' lang='lat' dir='ltr'><strong>Lepech.</strong></span> <span class='ocrx_word' id='word_1_46' title='bbox 1788 704 1892 745; x_wconf 82' lang='grc' dir='ltr'><strong>Νου.</strong></span> <span class='ocrx_word' id='word_1_47' title='bbox 1935 705 2048 745; x_wconf 87' lang='lat' dir='ltr'><strong>Com.</strong></span> 
     </span>
     <span class='ocr_line' id='line_1_8' title="bbox 643 779 1520 833; baseline 0.003 -15"><span class='ocrx_word' id='word_1_48' title='bbox 643 780 802 833; x_wconf 81' lang='lat' dir='ltr'><strong>Petrop.</strong></span> <span class='ocrx_word' id='word_1_49' title='bbox 832 779 923 818; x_wconf 89' lang='lat' dir='ltr'><strong>XV.</strong></span> <span class='ocrx_word' id='word_1_50' title='bbox 957 795 995 833; x_wconf 85' lang='lat' dir='ltr'><strong>p.</strong></span> <span class='ocrx_word' id='word_1_51' title='bbox 1026 784 1118 828; x_wconf 75' lang='lat'><strong>486.</strong></span> <span class='ocrx_word' id='word_1_52' title='bbox 1149 779 1232 828; x_wconf 74' lang='lat' dir='ltr'><strong>tab,</strong></span> <span class='ocrx_word' id='word_1_53' title='bbox 1267 786 1330 821; x_wconf 83' lang='lat'><strong>25.</strong></span> <span class='ocrx_word' id='word_1_54' title='bbox 1351 781 1520 833; x_wconf 75' lang='lat' dir='ltr'><strong>fig.1.·</strong></span> 
     </span>
    </p>

    <p class='ocr_par' dir='ltr' id='par_1_7' title="bbox 596 853 1774 910">
     <span class='ocr_line' id='line_1_9' title="bbox 596 853 1774 910; baseline 0.001 -15"><span class='ocrx_word' id='word_1_55' title='bbox 596 853 944 908; x_wconf 81' lang='lat' dir='ltr'><strong>Pine-Bunting,</strong></span> <span class='ocrx_word' id='word_1_56' title='bbox 1000 856 1187 893; x_wconf 73' lang='lat' dir='ltr'><strong>Latham.</strong></span> <span class='ocrx_word' id='word_1_57' title='bbox 1219 870 1310 908; x_wconf 76' lang='lat' dir='ltr'><strong>syn.</strong></span> <span class='ocrx_word' id='word_1_58' title='bbox 1340 857 1413 894; x_wconf 89' lang='grc' dir='ltr'><strong>ΙΙΙ.</strong></span> <span class='ocrx_word' id='word_1_59' title='bbox 1446 873 1483 910; x_wconf 88' lang='lat' dir='ltr'><strong>p.</strong></span> <span class='ocrx_word' id='word_1_60' title='bbox 1518 864 1607 898; x_wconf 79' lang='lat'><strong>203.</strong></span> <span class='ocrx_word' id='word_1_61' title='bbox 1640 874 1677 897; x_wconf 87' lang='lat' dir='ltr'><strong>n.</strong></span> <span class='ocrx_word' id='word_1_62' title='bbox 1709 863 1774 898; x_wconf 85' lang='lat'><strong>50.</strong></span> 
     </span>
    </p>

    <p class='ocr_par' dir='ltr' id='par_1_8' title="bbox 374 929 2054 1662">
     <span class='ocr_line' id='line_1_10' title="bbox 513 929 2052 987; baseline 0.001 -17"><span class='ocrx_word' id='word_1_63' title='bbox 513 933 562 970; x_wconf 92' lang='lat' dir='ltr'><strong>In</strong></span> <span class='ocrx_word' id='word_1_64' title='bbox 591 930 705 971; x_wconf 87' lang='lat' dir='ltr'><strong>omni</strong></span> <span class='ocrx_word' id='word_1_65' title='bbox 747 929 900 969; x_wconf 88' lang='lat' dir='ltr'><strong>Sibiria</strong></span> <span class='ocrx_word' id='word_1_66' title='bbox 931 931 979 969; x_wconf 89' lang='lat' dir='ltr'><strong>ab</strong></span> <span class='ocrx_word' id='word_1_67' title='bbox 1022 929 1215 969; x_wconf 84' lang='lat' dir='ltr'><strong>Uralensi</strong></span> <span class='ocrx_word' id='word_1_68' title='bbox 1246 930 1450 971; x_wconf 86' lang='lat' dir='ltr'><strong>montium</strong></span> <span class='ocrx_word' id='word_1_69' title='bbox 1479 943 1612 972; x_wconf 80' lang='lat' dir='ltr'><strong>tractu</strong></span> <span class='ocrx_word' id='word_1_70' title='bbox 1641 946 1769 987; x_wconf 85' lang='lat' dir='ltr'><strong>usque</strong></span> <span class='ocrx_word' id='word_1_71' title='bbox 1801 932 1852 970; x_wconf 83' lang='lat' dir='ltr'><strong>ad</strong></span> <span class='ocrx_word' id='word_1_72' title='bbox 1894 934 2052 972; x_wconf 84' lang='lat' dir='ltr'><strong>Lenam</strong></span> 
     </span>
     <span class='ocr_line' id='line_1_11' title="bbox 374 1004 2051 1063; baseline -0.001 -17"><span class='ocrx_word' id='word_1_73' title='bbox 374 1005 420 1047; x_wconf 87' lang='lat' dir='ltr'><strong>in</strong></span> <span class='ocrx_word' id='word_1_74' title='bbox 450 1007 576 1062; x_wconf 87' lang='lat' dir='ltr'><strong>sylvis</strong></span> <span class='ocrx_word' id='word_1_75' title='bbox 607 1005 780 1046; x_wconf 87' lang='lat' dir='ltr'><strong>acerosis</strong></span> <span class='ocrx_word' id='word_1_76' title='bbox 823 1006 1014 1060; x_wconf 77' lang='lat' dir='ltr'><strong>frequens</strong></span> <span class='ocrx_word' id='word_1_77' title='bbox 1046 1004 1152 1054; x_wconf 83' lang='lat' dir='ltr'><strong>avis,</strong></span> <span class='ocrx_word' id='word_1_78' title='bbox 1212 1006 1285 1045; x_wconf 77' lang='lat' dir='ltr'><strong>sed</strong></span> <span class='ocrx_word' id='word_1_79' title='bbox 1314 1007 1599 1055; x_wconf 84' lang='lat' dir='ltr'><strong>subsolitaria,</strong></span> <span class='ocrx_word' id='word_1_80' title='bbox 1655 1007 1791 1063; x_wconf 87' lang='lat' dir='ltr'><strong>primo</strong></span> <span class='ocrx_word' id='word_1_81' title='bbox 1829 1021 1924 1046; x_wconf 85' lang='lat' dir='ltr'><strong>vere</strong></span> <span class='ocrx_word' id='word_1_82' title='bbox 1957 1008 2051 1057; x_wconf 81' lang='lat' dir='ltr'><strong>(sub</strong></span> 
     </span>
     <span class='ocr_line' id='line_1_12' title="bbox 375 1081 2052 1136; baseline -0.001 -14"><span class='ocrx_word' id='word_1_83' title='bbox 375 1083 501 1122; x_wconf 86' lang='lat' dir='ltr'><strong>finem</strong></span> <span class='ocrx_word' id='word_1_84' title='bbox 531 1082 696 1136; x_wconf 88' lang='lat' dir='ltr'><strong>Martii)</strong></span> <span class='ocrx_word' id='word_1_85' title='bbox 727 1083 951 1121; x_wconf 85' lang='lat' dir='ltr'><strong>adventans</strong></span> <span class='ocrx_word' id='word_1_86' title='bbox 982 1081 1172 1135; x_wconf 76' lang='lat' dir='ltr'><strong>gregibus</strong></span> <span class='ocrx_word' id='word_1_87' title='bbox 1201 1081 1338 1135; x_wconf 78' lang='lat' dir='ltr'><strong>parvis</strong></span> <span class='ocrx_word' id='word_1_88' title='bbox 1368 1096 1420 1122; x_wconf 82' lang='lat' dir='ltr'><strong>ex</strong></span> <span class='ocrx_word' id='word_1_89' title='bbox 1450 1094 1622 1136; x_wconf 84' lang='lat' dir='ltr'><strong>utroque</strong></span> <span class='ocrx_word' id='word_1_90' title='bbox 1654 1098 1754 1123; x_wconf 81' lang='lat' dir='ltr'><strong>sexu</strong></span> <span class='ocrx_word' id='word_1_91' title='bbox 1784 1081 1946 1129; x_wconf 75' lang='lat' dir='ltr'><strong>mixtis,</strong></span> <span class='ocrx_word' id='word_1_92' title='bbox 1979 1081 2052 1121; x_wconf 88' lang='lat' dir='ltr'><strong>sed</strong></span> 
     </span>
     <span class='ocr_line' id='line_1_13' title="bbox 374 1155 2054 1201; baseline -0.001 -4"><span class='ocrx_word' id='word_1_93' title='bbox 374 1157 576 1201; x_wconf 77' lang='lat' dir='ltr'><strong>tardiores</strong></span> <span class='ocrx_word' id='word_1_94' title='bbox 618 1168 759 1196; x_wconf 86' lang='lat' dir='ltr'><strong>tamen</strong></span> <span class='ocrx_word' id='word_1_95' title='bbox 798 1156 1020 1196; x_wconf 75' lang='lat' dir='ltr'><strong>foeminae.</strong></span> <span class='ocrx_word' id='word_1_96' title='bbox 1097 1156 1321 1196; x_wconf 81' lang='lat' dir='ltr'><strong>Hominem</strong></span> <span class='ocrx_word' id='word_1_97' title='bbox 1364 1173 1446 1197; x_wconf 88' lang='lat' dir='ltr'><strong>non</strong></span> <span class='ocrx_word' id='word_1_98' title='bbox 1489 1158 1746 1198; x_wconf 77' lang='lat' dir='ltr'><strong>reformidat.</strong></span> <span class='ocrx_word' id='word_1_99' title='bbox 1818 1160 1865 1195; x_wconf 88' lang='lat' dir='ltr'><strong>In</strong></span> <span class='ocrx_word' id='word_1_100' title='bbox 1908 1155 2054 1196; x_wconf 81' lang='lat' dir='ltr'><strong>Rossia</strong></span> 
     </span>
     <span class='ocr_line' id='line_1_14' title="bbox 375 1232 2053 1286; baseline 0 -15"><span class='ocrx_word' id='word_1_101' title='bbox 375 1247 587 1285; x_wconf 83' lang='lat' dir='ltr'><strong>nunquam</strong></span> <span class='ocrx_word' id='word_1_102' title='bbox 630 1233 846 1271; x_wconf 78' lang='lat' dir='ltr'><strong>observata</strong></span> <span class='ocrx_word' id='word_1_103' title='bbox 875 1243 961 1277; x_wconf 79' lang='lat' dir='ltr'><strong>est3</strong></span> <span class='ocrx_word' id='word_1_104' title='bbox 1007 1247 1211 1284; x_wconf 81' lang='lat' dir='ltr'><strong>quamque</strong></span> <span class='ocrx_word' id='word_1_105' title='bbox 1236 1232 1373 1286; x_wconf 80' lang='lat' dir='ltr'><strong>junior</strong></span> <span class='ocrx_word' id='word_1_106' title='bbox 1413 1235 1672 1272; x_wconf 73' lang='lat' dir='ltr'><strong>Gmelinzcs</strong></span> <span class='ocrx_word' id='word_1_107' title='bbox 1713 1244 1910 1285; x_wconf 80' lang='lat' dir='ltr'><strong>tanquam</strong></span> <span class='ocrx_word' id='word_1_108' title='bbox 1940 1246 2053 1271; x_wconf 79' lang='lat' dir='ltr'><strong>Suam</strong></span> 
     </span>
     <span class='ocr_line' id='line_1_15' title="bbox 376 1303 2054 1362; baseline 0 -17"><span class='ocrx_word' id='word_1_109' title='bbox 376 1305 515 1352; x_wconf 84' lang='lat' dir='ltr'><strong>dedit,</strong></span> <span class='ocrx_word' id='word_1_110' title='bbox 572 1304 798 1358; x_wconf 82' lang='lat' dir='ltr'><strong>descriptio</strong></span> <span class='ocrx_word' id='word_1_111' title='bbox 827 1306 1073 1343; x_wconf 74' lang='lat' dir='ltr'><strong>verbotenus</strong></span> <span class='ocrx_word' id='word_1_112' title='bbox 1104 1319 1125 1343; x_wconf 90' lang='lat' dir='ltr'><strong>e</strong></span> <span class='ocrx_word' id='word_1_113' title='bbox 1157 1303 1311 1344; x_wconf 79' lang='lat' dir='ltr'><strong>chartis</strong></span> <span class='ocrx_word' id='word_1_114' title='bbox 1350 1307 1490 1346; x_wconf 71' lang='lat' dir='ltr'><strong>Patrai</strong></span> <span class='ocrx_word' id='word_1_115' title='bbox 1519 1306 1725 1362; x_wconf 83' lang='lat' dir='ltr'><strong>descripta</strong></span> <span class='ocrx_word' id='word_1_116' title='bbox 1756 1317 1816 1345; x_wconf 86' lang='lat' dir='ltr'><strong>est</strong></span> <span class='ocrx_word' id='word_1_117' title='bbox 1846 1321 1925 1344; x_wconf 90' lang='lat' dir='ltr'><strong>una</strong></span> <span class='ocrx_word' id='word_1_118' title='bbox 1958 1320 2054 1346; x_wconf 84' lang='lat' dir='ltr'><strong>cum</strong></span> 
     </span>
     <span class='ocr_line' id='line_1_16' title="bbox 378 1378 2054 1435; baseline -0.001 -14"><span class='ocrx_word' id='word_1_119' title='bbox 378 1385 528 1421; x_wconf 87' lang='lat' dir='ltr'><strong>Icone!</strong></span> <span class='ocrx_word' id='word_1_120' title='bbox 570 1379 898 1427; x_wconf 64' lang='lat' dir='ltr'><strong>Mas-cantium,</strong></span> <span class='ocrx_word' id='word_1_121' title='bbox 944 1393 1045 1418; x_wconf 87' lang='lat' dir='ltr'><strong>voce</strong></span> <span class='ocrx_word' id='word_1_122' title='bbox 1076 1378 1199 1419; x_wconf 83' lang='lat' dir='ltr'><strong>sibila</strong></span> <span class='ocrx_word' id='word_1_123' title='bbox 1231 1378 1487 1420; x_wconf 83' lang='lat' dir='ltr'><strong>Schoenicli.</strong></span> <span class='ocrx_word' id='word_1_124' title='bbox 1559 1381 1695 1421; x_wconf 85' lang='lat' dir='ltr'><strong>Nidus</strong></span> <span class='ocrx_word' id='word_1_125' title='bbox 1724 1379 2054 1435; x_wconf 79' lang='lat' dir='ltr'><strong>haemisphaeri-</strong></span> 
     </span>
     <span class='ocr_line' id='line_1_17' title="bbox 376 1453 2054 1511; baseline 0 -15"><span class='ocrx_word' id='word_1_126' title='bbox 376 1470 463 1497; x_wconf 69' lang='grc' dir='ltr'><strong>ους.</strong></span> <span class='ocrx_word' id='word_1_127' title='bbox 529 1456 729 1508; x_wconf 64' lang='lat' dir='ltr'><strong>Nidifz&#39;cat</strong></span> <span class='ocrx_word' id='word_1_128' title='bbox 757 1453 801 1494; x_wconf 85' lang='lat' dir='ltr'><strong>in</strong></span> <span class='ocrx_word' id='word_1_129' title='bbox 832 1453 1005 1493; x_wconf 78' lang='lat' dir='ltr'><strong>arbustis</strong></span> <span class='ocrx_word' id='word_1_130' title='bbox 1035 1453 1219 1508; x_wconf 76' lang='lat' dir='ltr'><strong>gramine</strong></span> <span class='ocrx_word' id='word_1_131' title='bbox 1249 1467 1466 1505; x_wconf 75' lang='lat' dir='ltr'><strong>contexto,</strong></span> <span class='ocrx_word' id='word_1_132' title='bbox 1527 1457 1599 1497; x_wconf 82' lang='lat' dir='ltr'><strong>ubi</strong></span> <span class='ocrx_word' id='word_1_133' title='bbox 1628 1457 1811 1498; x_wconf 83' lang='lat' dir='ltr'><strong>foemina</strong></span> <span class='ocrx_word' id='word_1_134' title='bbox 1839 1455 1947 1511; x_wconf 87' lang='lat' dir='ltr'><strong>parit</strong></span> <span class='ocrx_word' id='word_1_135' title='bbox 1975 1471 2054 1496; x_wconf 85' lang='lat' dir='ltr'><strong>ova</strong></span> 
     </span>
     <span class='ocr_line' id='line_1_18' title="bbox 378 1528 2052 1589; baseline 0.001 -18"><span class='ocrx_word' id='word_1_136' title='bbox 378 1530 646 1582; x_wconf 86' lang='lat' dir='ltr'><strong>virescentia‚</strong></span> <span class='ocrx_word' id='word_1_137' title='bbox 685 1531 799 1570; x_wconf 89' lang='lat' dir='ltr'><strong>fusco</strong></span> <span class='ocrx_word' id='word_1_138' title='bbox 829 1528 1052 1584; x_wconf 76' lang='lat' dir='ltr'><strong>variegata.</strong></span> <span class='ocrx_word' id='word_1_139' title='bbox 1110 1530 1218 1589; x_wconf 85' lang='lat' dir='ltr'><strong>Pulli</strong></span> <span class='ocrx_word' id='word_1_140' title='bbox 1247 1533 1321 1572; x_wconf 88' lang='lat' dir='ltr'><strong>sub</strong></span> <span class='ocrx_word' id='word_1_141' title='bbox 1352 1533 1478 1572; x_wconf 83' lang='lat' dir='ltr'><strong>finem</strong></span> <span class='ocrx_word' id='word_1_142' title='bbox 1506 1531 1632 1573; x_wconf 87' lang='lat' dir='ltr'><strong>Junii.</strong></span> <span class='ocrx_word' id='word_1_143' title='bbox 1691 1531 1911 1573; x_wconf 78' lang='lat' dir='ltr'><strong>Pediculus</strong></span> <span class='ocrx_word' id='word_1_144' title='bbox 1941 1532 2052 1576; x_wconf 85' lang='lat' dir='ltr'><strong>mole</strong></span> 
     </span>
     <span class='ocr_line' id='line_1_19' title="bbox 378 1605 594 1662; baseline 0.014 -17"><span class='ocrx_word' id='word_1_145' title='bbox 378 1605 594 1662; x_wconf 80' lang='lat' dir='ltr'><strong>insignis.‘</strong></span> 
     </span>
    </p>

    <p class='ocr_par' dir='ltr' id='par_1_9' title="bbox 376 1683 2051 2414">
     <span class='ocr_line' id='line_1_20' title="bbox 516 1683 2051 1737; baseline 0.001 -15"><span class='ocrx_word' id='word_1_146' title='bbox 516 1684 684 1724; x_wconf 82' lang='lat' dir='ltr'><strong>Descr.</strong></span> <span class='ocrx_word' id='word_1_147' title='bbox 755 1684 998 1737; x_wconf 74' lang='lat' dir='ltr'><strong>Magnitudo</strong></span> <span class='ocrx_word' id='word_1_148' title='bbox 1038 1695 1081 1724; x_wconf 84' lang='lat' dir='ltr'><strong>et</strong></span> <span class='ocrx_word' id='word_1_149' title='bbox 1122 1683 1287 1724; x_wconf 77' lang='lat' dir='ltr'><strong>habitus</strong></span> <span class='ocrx_word' id='word_1_150' title='bbox 1329 1683 1588 1725; x_wconf 85' lang='lat' dir='ltr'><strong>Citrinellae.</strong></span> <span class='ocrx_word' id='word_1_151' title='bbox 1660 1684 1849 1724; x_wconf 76' lang='lat' dir='ltr'><strong>Rostrum</strong></span> <span class='ocrx_word' id='word_1_152' title='bbox 1878 1683 2051 1734; x_wconf 86' lang='lat' dir='ltr'><strong>fuscum,</strong></span> 
     </span>
     <span class='ocr_line' id='line_1_21' title="bbox 377 1757 2050 1812; baseline 0 -14"><span class='ocrx_word' id='word_1_153' title='bbox 377 1757 551 1798; x_wconf 78' lang='lat' dir='ltr'><strong>maxilla</strong></span> <span class='ocrx_word' id='word_1_154' title='bbox 588 1758 784 1798; x_wconf 77' lang='lat' dir='ltr'><strong>inferiore</strong></span> <span class='ocrx_word' id='word_1_155' title='bbox 825 1759 970 1798; x_wconf 81' lang='lat' dir='ltr'><strong>livida.</strong></span> <span class='ocrx_word' id='word_1_156' title='bbox 1045 1761 1173 1800; x_wconf 77' lang='lat' dir='ltr'><strong>[rides</strong></span> <span class='ocrx_word' id='word_1_157' title='bbox 1210 1761 1422 1807; x_wconf 87' lang='lat' dir='ltr'><strong>obscurae,</strong></span> <span class='ocrx_word' id='word_1_158' title='bbox 1492 1761 1638 1800; x_wconf 73' lang='lat' dir='ltr'><strong>Vertex</strong></span> <span class='ocrx_word' id='word_1_159' title='bbox 1679 1758 2050 1812; x_wconf 79' lang='lat' dir='ltr'><strong>fusco-nigricans,</strong></span> 
     </span>
     <span class='ocr_line' id='line_1_22' title="bbox 377 1829 2050 1888; baseline 0.001 -17"><span class='ocrx_word' id='word_1_160' title='bbox 377 1834 540 1873; x_wconf 86' lang='lat' dir='ltr'><strong>macula</strong></span> <span class='ocrx_word' id='word_1_161' title='bbox 581 1834 625 1873; x_wconf 87' lang='lat' dir='ltr'><strong>in</strong></span> <span class='ocrx_word' id='word_1_162' title='bbox 665 1833 805 1874; x_wconf 85' lang='lat' dir='ltr'><strong>medio</strong></span> <span class='ocrx_word' id='word_1_163' title='bbox 845 1845 965 1873; x_wconf 81' lang='lat' dir='ltr'><strong>ovata</strong></span> <span class='ocrx_word' id='word_1_164' title='bbox 1006 1835 1099 1874; x_wconf 84' lang='lat' dir='ltr'><strong>alba</strong></span> <span class='ocrx_word' id='word_1_165' title='bbox 1140 1835 1284 1887; x_wconf 83' lang='lat' dir='ltr'><strong>(etiam</strong></span> <span class='ocrx_word' id='word_1_166' title='bbox 1329 1829 1544 1888; x_wconf 79' lang='lat' dir='ltr'><strong>foeminis)</strong></span> <span class='ocrx_word' id='word_1_167' title='bbox 1575 1832 1796 1888; x_wconf 86' lang='lat' dir='ltr'><strong>nuchaque</strong></span> <span class='ocrx_word' id='word_1_168' title='bbox 1828 1833 2050 1888; x_wconf 81' lang='lat' dir='ltr'><strong>variegata.</strong></span> 
     </span>
     <span class='ocr_line' id='line_1_23' title="bbox 381 1907 2051 1965; baseline 0 -18"><span class='ocrx_word' id='word_1_169' title='bbox 381 1908 554 1948; x_wconf 72' lang='lat' dir='ltr'><strong>Tractus</strong></span> <span class='ocrx_word' id='word_1_170' title='bbox 582 1924 656 1964; x_wconf 90' lang='lat' dir='ltr'><strong>per</strong></span> <span class='ocrx_word' id='word_1_171' title='bbox 685 1910 826 1948; x_wconf 85' lang='lat' dir='ltr'><strong>oculos</strong></span> <span class='ocrx_word' id='word_1_172' title='bbox 857 1911 909 1949; x_wconf 86' lang='lat' dir='ltr'><strong>ad</strong></span> <span class='ocrx_word' id='word_1_173' title='bbox 937 1909 1143 1949; x_wconf 79' lang='lat' dir='ltr'><strong>cervicem</strong></span> <span class='ocrx_word' id='word_1_174' title='bbox 1184 1911 1426 1964; x_wconf 75' lang='lat' dir='ltr'><strong>productus,</strong></span> <span class='ocrx_word' id='word_1_175' title='bbox 1484 1925 1656 1965; x_wconf 81' lang='lat' dir='ltr'><strong>areaque</strong></span> <span class='ocrx_word' id='word_1_176' title='bbox 1697 1910 1816 1964; x_wconf 82' lang='lat' dir='ltr'><strong>gulae</strong></span> <span class='ocrx_word' id='word_1_177' title='bbox 1848 1910 1949 1951; x_wconf 82' lang='lat' dir='ltr'><strong>lata,</strong></span> <span class='ocrx_word' id='word_1_178' title='bbox 1981 1907 2051 1947; x_wconf 84' lang='lat' dir='ltr'><strong>tri-</strong></span> 
     </span>
     <span class='ocr_line' id='line_1_24' title="bbox 380 1977 2051 2038; baseline -0.001 -15"><span class='ocrx_word' id='word_1_179' title='bbox 380 1984 808 2037; x_wconf 79' lang='lat' dir='ltr'><strong>angularis-testaceo</strong></span> <span class='ocrx_word' id='word_1_180' title='bbox 835 1983 1080 2037; x_wconf 81' lang='lat' dir='ltr'><strong>sanguinea,</strong></span> <span class='ocrx_word' id='word_1_181' title='bbox 1124 1977 1215 2038; x_wconf 67' lang='lat' dir='ltr'><strong>plns</strong></span> <span class='ocrx_word' id='word_1_182' title='bbox 1245 1984 1380 2024; x_wconf 81' lang='lat' dir='ltr'><strong>minus</strong></span> <span class='ocrx_word' id='word_1_183' title='bbox 1410 1995 1599 2024; x_wconf 81' lang='lat' dir='ltr'><strong>saturata.</strong></span> <span class='ocrx_word' id='word_1_184' title='bbox 1675 1985 1855 2038; x_wconf 78' lang='lat' dir='ltr'><strong>Torques</strong></span> <span class='ocrx_word' id='word_1_185' title='bbox 1885 1984 1976 2023; x_wconf 88' lang='lat' dir='ltr'><strong>alba</strong></span> <span class='ocrx_word' id='word_1_186' title='bbox 2007 1983 2051 2023; x_wconf 87' lang='lat' dir='ltr'><strong>in</strong></span> 
     </span>
     <span class='ocr_line' id='line_1_25' title="bbox 376 2057 2051 2113; baseline -0.001 -15"><span class='ocrx_word' id='word_1_187' title='bbox 376 2060 539 2099; x_wconf 79' lang='lat' dir='ltr'><strong>cervice</strong></span> <span class='ocrx_word' id='word_1_188' title='bbox 569 2058 799 2113; x_wconf 78' lang='lat' dir='ltr'><strong>interrupta</strong></span> <span class='ocrx_word' id='word_1_189' title='bbox 827 2069 950 2112; x_wconf 81' lang='lat' dir='ltr'><strong>caput</strong></span> <span class='ocrx_word' id='word_1_190' title='bbox 980 2057 1139 2098; x_wconf 68' lang='lat' dir='ltr'><strong>v‘arium</strong></span> <span class='ocrx_word' id='word_1_191' title='bbox 1187 2058 1362 2099; x_wconf 86' lang='lat' dir='ltr'><strong>dirimit.</strong></span> <span class='ocrx_word' id='word_1_192' title='bbox 1435 2062 1597 2101; x_wconf 84' lang='lat' dir='ltr'><strong>Collum</strong></span> <span class='ocrx_word' id='word_1_193' title='bbox 1635 2059 1810 2099; x_wconf 70' lang='lat' dir='ltr'><strong>inserius</strong></span> <span class='ocrx_word' id='word_1_194' title='bbox 1851 2070 2051 2098; x_wconf 82' lang='lat' dir='ltr'><strong>transver-</strong></span> 
     </span>
     <span class='ocr_line' id='line_1_26' title="bbox 379 2132 2049 2190; baseline -0.001 -17"><span class='ocrx_word' id='word_1_195' title='bbox 379 2133 457 2173; x_wconf 82' lang='lat' dir='ltr'><strong>sim</strong></span> <span class='ocrx_word' id='word_1_196' title='bbox 486 2134 646 2182; x_wconf 87' lang='lat' dir='ltr'><strong>album,</strong></span> <span class='ocrx_word' id='word_1_197' title='bbox 677 2148 797 2188; x_wconf 85' lang='lat' dir='ltr'><strong>saepe</strong></span> <span class='ocrx_word' id='word_1_198' title='bbox 826 2132 990 2187; x_wconf 81' lang='lat' dir='ltr'><strong>punctis</strong></span> <span class='ocrx_word' id='word_1_199' title='bbox 1020 2134 1193 2188; x_wconf 77' lang='lat' dir='ltr'><strong>trigonis</strong></span> <span class='ocrx_word' id='word_1_200' title='bbox 1222 2136 1488 2190; x_wconf 84' lang='lat' dir='ltr'><strong>adspersum;</strong></span> <span class='ocrx_word' id='word_1_201' title='bbox 1546 2137 1723 2176; x_wconf 75' lang='lat' dir='ltr'><strong>Dorsum</strong></span> <span class='ocrx_word' id='word_1_202' title='bbox 1753 2132 1953 2189; x_wconf 81' lang='lat' dir='ltr'><strong>passerini</strong></span> <span class='ocrx_word' id='word_1_203' title='bbox 1984 2148 2049 2172; x_wconf 84' lang='lat' dir='ltr'><strong>co-</strong></span> 
     </span>
     <span class='ocr_line' id='line_1_27' title="bbox 381 2207 2047 2266; baseline 0 -19"><span class='ocrx_word' id='word_1_204' title='bbox 381 2207 491 2249; x_wconf 89' lang='lat' dir='ltr'><strong>loris.</strong></span> <span class='ocrx_word' id='word_1_205' title='bbox 559 2211 784 2266; x_wconf 63' lang='lat' dir='ltr'><strong>Arpeccus</strong></span> <span class='ocrx_word' id='word_1_206' title='bbox 826 2208 1062 2262; x_wconf 70' lang='lat' dir='ltr'><strong>ierrugineo</strong></span> <span class='ocrx_word' id='word_1_207' title='bbox 1101 2224 1329 2264; x_wconf 82' lang='lat' dir='ltr'><strong>gryseoque</strong></span> <span class='ocrx_word' id='word_1_208' title='bbox 1360 2211 1619 2251; x_wconf 89' lang='lat' dir='ltr'><strong>nebulosum.</strong></span> <span class='ocrx_word' id='word_1_209' title='bbox 1690 2211 1876 2264; x_wconf 76' lang='lat' dir='ltr'><strong>Remiges</strong></span> <span class='ocrx_word' id='word_1_210' title='bbox 1906 2208 2047 2262; x_wconf 67' lang='lat' dir='ltr'><strong>nigrae</strong></span> 
     </span>
     <span class='ocr_line' id='line_1_28' title="bbox 378 2280 2050 2341; baseline 0.001 -21"><span class='ocrx_word' id='word_1_211' title='bbox 378 2282 598 2335; x_wconf 85' lang='lat' dir='ltr'><strong>primariae</strong></span> <span class='ocrx_word' id='word_1_212' title='bbox 628 2294 665 2334; x_wconf 72' lang='grc'><strong>4.</strong></span> <span class='ocrx_word' id='word_1_213' title='bbox 696 2284 770 2324; x_wconf 79' lang='lat' dir='ltr'><strong>lin.</strong></span> <span class='ocrx_word' id='word_1_214' title='bbox 800 2280 930 2325; x_wconf 60' lang='lat' dir='ltr'><strong>einer.</strong></span> <span class='ocrx_word' id='word_1_215' title='bbox 962 2285 1105 2333; x_wconf 82' lang='lat' dir='ltr'><strong>albae,</strong></span> <span class='ocrx_word' id='word_1_216' title='bbox 1147 2285 1330 2339; x_wconf 84' lang='lat' dir='ltr'><strong>reliquae</strong></span> <span class='ocrx_word' id='word_1_217' title='bbox 1360 2286 1562 2341; x_wconf 82' lang='lat' dir='ltr'><strong>pallidae,</strong></span> <span class='ocrx_word' id='word_1_218' title='bbox 1607 2284 1872 2325; x_wconf 79' lang='lat' dir='ltr'><strong>secundariae</strong></span> <span class='ocrx_word' id='word_1_219' title='bbox 1903 2282 2050 2337; x_wconf 70' lang='lat' dir='ltr'><strong>margi-</strong></span> 
     </span>
     <span class='ocr_line' id='line_1_29' title="bbox 378 2353 2049 2414; baseline 0.002 -20"><span class='ocrx_word' id='word_1_220' title='bbox 378 2370 429 2394; x_wconf 89' lang='lat' dir='ltr'><strong>ne</strong></span> <span class='ocrx_word' id='word_1_221' title='bbox 458 2358 578 2397; x_wconf 81' lang='lat' dir='ltr'><strong>latius</strong></span> <span class='ocrx_word' id='word_1_222' title='bbox 608 2374 787 2413; x_wconf 82' lang='lat' dir='ltr'><strong>gryseae,</strong></span> <span class='ocrx_word' id='word_1_223' title='bbox 819 2360 1017 2400; x_wconf 83' lang='lat' dir='ltr'><strong>interiore</strong></span> <span class='ocrx_word' id='word_1_224' title='bbox 1048 2374 1188 2399; x_wconf 84' lang='lat' dir='ltr'><strong>omnes</strong></span> <span class='ocrx_word' id='word_1_225' title='bbox 1218 2353 1348 2400; x_wconf 85' lang='lat' dir='ltr'><strong>albae.</strong></span> <span class='ocrx_word' id='word_1_226' title='bbox 1418 2362 1616 2401; x_wconf 66' lang='lat' dir='ltr'><strong>Tecti-ices</strong></span> <span class='ocrx_word' id='word_1_227' title='bbox 1646 2359 1872 2414; x_wconf 76' lang='lat' dir='ltr'><strong>remigibus</strong></span> <span class='ocrx_word' id='word_1_228' title='bbox 1902 2372 2049 2399; x_wconf 72' lang='lat' dir='ltr'><strong>conco-</strong></span> 
     </span>
    </p>
   </div>
   <div class='ocr_carea' id='block_1_3' title="bbox 378 2429 2050 2491">
    <p class='ocr_par' dir='ltr' id='par_1_10' title="bbox 378 2429 2050 2491">
     <span class='ocr_line' id='line_1_30' title="bbox 378 2429 2050 2491; baseline 0.001 -21"><span class='ocrx_word' id='word_1_229' title='bbox 378 2429 504 2479; x_wconf 84' lang='lat' dir='ltr'><strong>lores,</strong></span> <span class='ocrx_word' id='word_1_230' title='bbox 557 2435 815 2476; x_wconf 75' lang='lat' dir='ltr'><strong>secundariae</strong></span> <span class='ocrx_word' id='word_1_231' title='bbox 845 2435 966 2475; x_wconf 84' lang='lat' dir='ltr'><strong>latius</strong></span> <span class='ocrx_word' id='word_1_232' title='bbox 996 2435 1178 2490; x_wconf 80' lang='lat' dir='ltr'><strong>margine</strong></span> <span class='ocrx_word' id='word_1_233' title='bbox 1208 2434 1487 2489; x_wconf 80' lang='lat' dir='ltr'><strong>ferrugineae,</strong></span> <span class='ocrx_word' id='word_1_234' title='bbox 1544 2433 1733 2491; x_wconf 74' lang='lat' dir='ltr'><strong>apicibus</strong></span> <span class='ocrx_word' id='word_1_235' title='bbox 1774 2432 2050 2474; x_wconf 79' lang='lat' dir='ltr'><strong>albicantibus</strong></span> 
     </span>
    </p>
   </div>
  </div>
 </body>
</html>
