2175 2931
1129 190 1271 205 m

1129 206 1272 215 -α

379 193 460 233 ¹92

373 295 547 336 varium.
606 295 747 336 Facies
776 292 956 335 carnosis
986 290 1219 332 carunculis
1249 290 1456 346 papillosa
1484 301 1645 331 tanturn
1677 289 1917 332 senioribus.
1959 291 2055 331 Vem-

372 375 540 412 triculus
583 370 684 411 huic
726 370 885 427 speciei
932 383 1150 417 carnosus,
1193 368 1464 423 majusculus3
1507 369 1761 423 oesophagus
1803 367 2053 422 aequabilis,

371 462 590 497 carnosu8‚
622 447 695 488 sed
723 447 853 488 bulbo
884 445 1120 486 destitutus.

792 576 904 616 301.
993 569 1276 614 TRYNG
1298 570 1337 613 A
1420 572 1631 614 naevia.

508 677 558 716 T.
588 691 709 732 supra
740 676 856 716 fusco
886 674 1091 730 nigroque
1135 675 1366 725 maculata,
1426 675 1537 715 collo
1580 685 1834 730 pectoreque
1871 672 2055 715 cinereo-

366 751 508 803 fusco,
541 752 738 807 luteoque
767 751 1034 793 transversim
1065 750 1204 791 variis.

587 827 759 869 Cinclus
789 825 1192 884 aegocephaloides,
1222 826 1545 883 brachypterus,
1578 828 1749 867 Gmelin.
1779 842 1849 867 sen
1878 855 1894 860 -
1923 852 1935 859 -
1966 827 2054 867 MS.

587 903 768 946 Calidris
798 903 970 953 naevia,
1003 905 1181 944 Brisson.
1215 920 1298 943 orn.
1332 905 1379 943 V.
1411 920 1450 959 p.
1483 911 1581 953 229.
1602 902 1686 941 tab.
1720 919 1783 942 21.
1803 903 1889 956 fig.
1927 919 1958 943 1.

587 979 825 1021 Maubeche
854 978 1077 1026 tachetee,
1108 981 1323 1020 D‘aubent.
1358 985 1453 1033 pict.
1484 979 1565 1019 tab.
1604 985 1696 1019 365.

505 1058 762 1097 Observatur
790 1067 953 1096 tantum
983 1056 1026 1095 in
1069 1055 1309 1096 borealibus
1340 1055 1512 1096 Rossiae
1553 1065 1595 1094 et
1624 1052 1803 1094 Sibiriae
1822 1085 1831 1103 ,
1875 1069 1953 1096 nec
1995 1055 2054 1096 in-

361 1134 569 1188 frequens.

504 1209 677 1248 Descr.
710 1207 937 1248 Foelninae
967 1211 1017 1247 T.
1047 1207 1246 1263 pugnacis
1276 1208 1377 1249 licet
1407 1208 1529 1248 valde
1574 1207 1745 1257 similis,
1791 1207 2052 1250 distinctissi-

362 1301 431 1326 ma
459 1295 599 1324 tamen
631 1284 790 1339 species
821 1295 864 1324 et
894 1295 1132 1324 constanter
1162 1283 1318 1331 minor3
1363 1284 1572 1324 coloribus
1617 1295 1753 1323 autem
1794 1283 1949 1338 pariter
1993 1285 2051 1325 in-

365 1370 570 1401 constans,
629 1361 764 1414 Caput
794 1359 1219 1414 gryseo-pallidum,
1251 1360 1365 1400 fusco
1385 1385 1397 1390 ·
1416 1370 1673 1415 punctatum.
1731 1360 1836 1399 Gula
1867 1359 2053 1401 cinereo-

365 1436 490 1476 albet.
550 1436 711 1475 Collum
742 1436 910 1480 subtus,
939 1435 1210 1489 jugulumque
1240 1435 1506 1475 transversim
1549 1435 1800 1475 subfasciato
1819 1435 1961 1475 -varia
1997 1435 2053 1477 ci-

363 1525 517 1560 nereo,
550 1510 665 1550 fusco
684 1540 696 1557 ,
726 1511 946 1565 luteoque;
979 1509 1072 1549 aliis
1104 1509 1282 1559 cinerea,
1316 1511 1431 1551 fusco
1462 1512 1659 1565 luteoque
1688 1511 1953 1551 transversim
1970 1528 2051 1553 ma-

361 1587 511 1627 culata.
574 1587 737 1634 Pectus,
770 1589 900 1626 latera
928 1586 1042 1625 fusco
1073 1600 1241 1640 grysea,
1273 1585 1391 1641 nigro
1422 1586 1641 1627 maculata.
1700 1587 1925 1637 Abdomen,
1957 1594 2050 1630 cris-

359 1678 448 1703 sum
479 1662 584 1702 alba.
658 1662 837 1701 Dorsum
881 1661 1033 1716 plumis
1077 1661 1336 1702 intermixtis
1378 1661 1530 1712 fuscis,
1578 1661 1813 1718 nigrisque,
1857 1665 2049 1706 omnibus

359 1738 546 1793 margine
579 1737 739 1792 gryseis
768 1737 985 1778 albidisve.
1043 1739 1232 1792 Remiges
1262 1739 1399 1779 fuscae
1417 1769 1430 1786 ‚
1460 1738 1691 1794 primorum
1726 1739 1884 1779 extima
1916 1752 1957 1780 et
1986 1740 2045 1782 in-

358 1814 530 1853 teriores
559 1812 710 1854 rhachi
740 1813 994 1860 albicante53
1025 1817 1207 1855 tectrices
1235 1814 1505 1855 secundariae
1537 1813 1703 1868 nigrae,
1750 1814 1869 1869 apice
1915 1815 2045 1857 albae.

355 1890 558 1931 Reccrices
600 1890 871 1944 subaequales
914 1890 1076 1940 fuscae,
1122 1889 1317 1930 laterales
1367 1889 1836 1943 albido-marginatae,
1881 1891 2045 1933 mediae

357 1964 580 2020 longiores,
615 1964 734 2020 apice
762 1964 1031 2004 transversim
1060 1965 1180 2020 nigro
1210 1965 1454 2007 maculatae.
1512 1967 1702 2006 Rostrum
1733 1966 1933 2022 pedesque
1951 1983 2043 2024 pro-

354 2041 574 2098 portione,
605 2052 651 2081 ut
678 2041 723 2081 in
752 2045 802 2081 T.
834 2055 1035 2096 pugnace.

732 2170 845 2210 302.
939 2163 984 2206 T
1003 2166 1039 2208 R
1064 2166 1097 2208 Y
1119 2166 1158 2208 N
1182 2165 1224 2208 G
1246 2166 1286 2209 A
1378 2167 1663 2225 oclzropus.

489 2272 539 2309 T.
570 2268 746 2324 pedibus
778 2267 1106 2315 virescentibus,
1138 2270 1258 2309 dorso
1290 2268 1680 2318 viridante-fusco,
1727 2271 1822 2311 albo
1874 2284 2043 2328 puncta-

356 2353 423 2394 to,
455 2344 678 2385 abdomine
710 2343 1038 2399 rectricibusque
1069 2343 1309 2384 lateralibus
1341 2346 1456 2386 albis.

573 2422 741 2474 Trynga
770 2430 812 2459 et
842 2419 1054 2460 Gallinula
1083 2418 1290 2475 ochropus
1321 2421 1389 2461 vel
1420 2421 1630 2477 rhodopus
1669 2423 1905 2463 Auctorum.
