<?xml version="1.0" encoding="UTF-8"?>
<!DOCTYPE html PUBLIC "-//W3C//DTD XHTML 1.0 Transitional//EN"
    "http://www.w3.org/TR/xhtml1/DTD/xhtml1-transitional.dtd">
<html xmlns="http://www.w3.org/1999/xhtml" xml:lang="en" lang="en">
 <head>
  <title>
</title>
<meta http-equiv="Content-Type" content="text/html;charset=utf-8" />
  <meta name='ocr-system' content='tesseract 3.04.00' />
  <meta name='ocr-capabilities' content='ocr_page ocr_carea ocr_par ocr_line ocrx_word'/>
</head>
<body>
  <div class='ocr_page' id='page_1' title='image "./zoographiarossoa22pall_0234.png"; bbox 0 0 2175 2931; ppageno 0'>
   <div class='ocr_carea' id='block_1_1' title="bbox 392 218 1301 259">
    <p class='ocr_par' dir='ltr' id='par_1_1' title="bbox 392 218 1301 259">
     <span class='ocr_line' id='line_1_1' title="bbox 392 218 1301 259; baseline -0.008 -5"><span class='ocrx_word' id='word_1_1' title='bbox 392 218 479 259; x_wconf 83' lang='lat'>218</span> <span class='ocrx_word' id='word_1_2' title='bbox 1155 225 1301 248; x_wconf 76' lang='lat'>..·-.—-:</span> 
     </span>
    </p>
   </div>
   <div class='ocr_carea' id='block_1_2' title="bbox 379 322 2079 1730">
    <p class='ocr_par' dir='ltr' id='par_1_2' title="bbox 379 322 2079 1730">
     <span class='ocr_line' id='line_1_2' title="bbox 379 322 2075 384; baseline 0.001 -16"><span class='ocrx_word' id='word_1_3' title='bbox 379 325 564 384; x_wconf 29' lang='lat' dir='ltr'>&#39;marinis</span> <span class='ocrx_word' id='word_1_4' title='bbox 594 325 741 368; x_wconf 81' lang='lat' dir='ltr'>sitibus</span> <span class='ocrx_word' id='word_1_5' title='bbox 770 325 952 383; x_wconf 80' lang='lat' dir='ltr'>primum</span> <span class='ocrx_word' id='word_1_6' title='bbox 983 325 1252 366; x_wconf 78' lang='lat' dir='ltr'>adventantes</span> <span class='ocrx_word' id='word_1_7' title='bbox 1283 326 1334 366; x_wconf 82' lang='lat' dir='ltr'>ad</span> <span class='ocrx_word' id='word_1_8' title='bbox 1364 325 1458 366; x_wconf 81' lang='lat' dir='ltr'>illas</span> <span class='ocrx_word' id='word_1_9' title='bbox 1482 322 1671 381; x_wconf 75' lang='lat' dir='ltr'>regiories</span> <span class='ocrx_word' id='word_1_10' title='bbox 1701 325 1841 366; x_wconf 69' lang='lat' dir='ltr'>statim</span> <span class='ocrx_word' id='word_1_11' title='bbox 1871 326 1952 367; x_wconf 81' lang='lat' dir='ltr'>iter</span> <span class='ocrx_word' id='word_1_12' title='bbox 1983 343 2075 369; x_wconf 86' lang='lat' dir='ltr'>con-</span> 
     </span>
     <span class='ocr_line' id='line_1_3' title="bbox 394 401 2076 458; baseline 0.001 -15"><span class='ocrx_word' id='word_1_13' title='bbox 394 405 585 449; x_wconf 74' lang='lat' dir='ltr'>tinuant,</span> <span class='ocrx_word' id='word_1_14' title='bbox 618 403 690 443; x_wconf 85' lang='lat' dir='ltr'>ubi</span> <span class='ocrx_word' id='word_1_15' title='bbox 722 417 845 458; x_wconf 77' lang='lat' dir='ltr'>aquas</span> <span class='ocrx_word' id='word_1_16' title='bbox 876 401 1022 442; x_wconf 81' lang='lat' dir='ltr'>fluidas</span> <span class='ocrx_word' id='word_1_17' title='bbox 1053 413 1095 442; x_wconf 88' lang='lat' dir='ltr'>et</span> <span class='ocrx_word' id='word_1_18' title='bbox 1124 401 1375 442; x_wconf 72' lang='lat' dir='ltr'>viridantem</span> <span class='ocrx_word' id='word_1_19' title='bbox 1413 415 1565 443; x_wconf 82' lang='lat' dir='ltr'>terram</span> <span class='ocrx_word' id='word_1_20' title='bbox 1594 417 1646 442; x_wconf 79' lang='lat' dir='ltr'>ex</span> <span class='ocrx_word' id='word_1_21' title='bbox 1685 402 1769 442; x_wconf 84' lang='lat' dir='ltr'>alto</span> <span class='ocrx_word' id='word_1_22' title='bbox 1799 404 2076 458; x_wconf 57' lang='lat' dir='ltr'>specularium,</span> 
     </span>
     <span class='ocr_line' id='line_1_4' title="bbox 394 477 2077 533; baseline 0.001 -15"><span class='ocrx_word' id='word_1_23' title='bbox 394 477 577 533; x_wconf 84' lang='lat' dir='ltr'>indeque</span> <span class='ocrx_word' id='word_1_24' title='bbox 607 479 812 519; x_wconf 74' lang='lat' dir='ltr'>calefacto</span> <span class='ocrx_word' id='word_1_25' title='bbox 843 477 970 519; x_wconf 76' lang='lat' dir='ltr'>etiam</span> <span class='ocrx_word' id='word_1_26' title='bbox 1008 477 1240 518; x_wconf 84' lang='lat' dir='ltr'>borealiore</span> <span class='ocrx_word' id='word_1_27' title='bbox 1283 478 1477 529; x_wconf 81' lang='lat' dir='ltr'>climate,</span> <span class='ocrx_word' id='word_1_28' title='bbox 1522 478 1624 519; x_wconf 87' lang='lat' dir='ltr'>illuc</span> <span class='ocrx_word' id='word_1_29' title='bbox 1666 477 1819 518; x_wconf 78' lang='lat' dir='ltr'>sensim</span> <span class='ocrx_word' id='word_1_30' title='bbox 1865 480 2077 530; x_wconf 85' lang='lat' dir='ltr'>recedunt,</span> 
     </span>
     <span class='ocr_line' id='line_1_5' title="bbox 391 553 2079 610; baseline 0.002 -18"><span class='ocrx_word' id='word_1_31' title='bbox 391 565 433 592; x_wconf 90' lang='lat' dir='ltr'>et</span> <span class='ocrx_word' id='word_1_32' title='bbox 464 553 628 594; x_wconf 77' lang='lat' dir='ltr'>fallacia</span> <span class='ocrx_word' id='word_1_33' title='bbox 659 556 864 609; x_wconf 76' lang='lat' dir='ltr'>quadam,</span> <span class='ocrx_word' id='word_1_34' title='bbox 896 556 946 595; x_wconf 81' lang='lat' dir='ltr'>ab</span> <span class='ocrx_word' id='word_1_35' title='bbox 977 565 1112 594; x_wconf 75' lang='lat' dir='ltr'>austro</span> <span class='ocrx_word' id='word_1_36' title='bbox 1143 555 1193 594; x_wconf 81' lang='lat' dir='ltr'>ad</span> <span class='ocrx_word' id='word_1_37' title='bbox 1224 554 1553 610; x_wconf 81' lang='lat' dir='ltr'>septentrionem</span> <span class='ocrx_word' id='word_1_38' title='bbox 1585 553 1762 610; x_wconf 78' lang='lat' dir='ltr'>migrare</span> <span class='ocrx_word' id='word_1_39' title='bbox 1779 553 1988 595; x_wconf 86' lang='lat' dir='ltr'>videntur.</span> <span class='ocrx_word' id='word_1_40' title='bbox 2026 557 2079 595; x_wconf 88' lang='lat' dir='ltr'>Et</span> 
     </span>
     <span class='ocr_line' id='line_1_6' title="bbox 390 627 2078 687; baseline 0.001 -19"><span class='ocrx_word' id='word_1_41' title='bbox 390 627 492 669; x_wconf 83' lang='lat' dir='ltr'>licet</span> <span class='ocrx_word' id='word_1_42' title='bbox 523 641 720 671; x_wconf 79' lang='lat' dir='ltr'>autumno</span> <span class='ocrx_word' id='word_1_43' title='bbox 743 662 752 680; x_wconf 83' lang='lat'>,</span> <span class='ocrx_word' id='word_1_44' title='bbox 795 642 889 686; x_wconf 87' lang='lat' dir='ltr'>post</span> <span class='ocrx_word' id='word_1_45' title='bbox 921 632 1137 671; x_wconf 83' lang='lat' dir='ltr'>educatam</span> <span class='ocrx_word' id='word_1_46' title='bbox 1168 630 1411 687; x_wconf 80' lang='lat' dir='ltr'>progeniem</span> <span class='ocrx_word' id='word_1_47' title='bbox 1443 642 1485 671; x_wconf 92' lang='lat' dir='ltr'>et</span> <span class='ocrx_word' id='word_1_48' title='bbox 1514 631 1687 671; x_wconf 75' lang='lat' dir='ltr'>refectas</span> <span class='ocrx_word' id='word_1_49' title='bbox 1724 631 1911 686; x_wconf 85' lang='lat' dir='ltr'>plumas,</span> <span class='ocrx_word' id='word_1_50' title='bbox 1955 630 2078 686; x_wconf 80' lang='lat' dir='ltr'>frige-</span> 
     </span>
     <span class='ocr_line' id='line_1_7' title="bbox 389 705 2079 760; baseline 0.002 -16"><span class='ocrx_word' id='word_1_51' title='bbox 389 716 530 745; x_wconf 81' lang='lat' dir='ltr'>scente</span> <span class='ocrx_word' id='word_1_52' title='bbox 559 710 641 760; x_wconf 72' lang='lat' dir='ltr'>jam</span> <span class='ocrx_word' id='word_1_53' title='bbox 674 718 812 757; x_wconf 79' lang='lat' dir='ltr'>arcto,</span> <span class='ocrx_word' id='word_1_54' title='bbox 856 707 1007 748; x_wconf 83' lang='lat' dir='ltr'>iterum</span> <span class='ocrx_word' id='word_1_55' title='bbox 1051 721 1190 746; x_wconf 85' lang='lat' dir='ltr'>versus</span> <span class='ocrx_word' id='word_1_56' title='bbox 1232 706 1594 747; x_wconf 85' lang='lat' dir='ltr'>meridionaliores</span> <span class='ocrx_word' id='word_1_57' title='bbox 1640 705 1884 746; x_wconf 80' lang='lat' dir='ltr'>latitudines</span> <span class='ocrx_word' id='word_1_58' title='bbox 1925 706 2079 747; x_wconf 82' lang='lat' dir='ltr'>sensim</span> 
     </span>
     <span class='ocr_line' id='line_1_8' title="bbox 387 781 2078 838; baseline 0 -17"><span class='ocrx_word' id='word_1_59' title='bbox 387 783 626 822; x_wconf 72' lang='lat' dir='ltr'>concedant</span> <span class='ocrx_word' id='word_1_60' title='bbox 663 782 829 838; x_wconf 76' lang='lat' dir='ltr'>aliquae</span> <span class='ocrx_word' id='word_1_61' title='bbox 848 816 857 833; x_wconf 87' lang='lat'>,</span> <span class='ocrx_word' id='word_1_62' title='bbox 890 795 1056 833; x_wconf 82' lang='lat' dir='ltr'>tamen,</span> <span class='ocrx_word' id='word_1_63' title='bbox 1097 782 1228 823; x_wconf 85' lang='lat' dir='ltr'>immo</span> <span class='ocrx_word' id='word_1_64' title='bbox 1258 783 1507 837; x_wconf 82' lang='lat' dir='ltr'>pleraeque,</span> <span class='ocrx_word' id='word_1_65' title='bbox 1553 794 1595 823; x_wconf 86' lang='lat' dir='ltr'>et</span> <span class='ocrx_word' id='word_1_66' title='bbox 1623 781 1774 822; x_wconf 87' lang='lat' dir='ltr'>ultimo</span> <span class='ocrx_word' id='word_1_67' title='bbox 1803 797 1945 822; x_wconf 83' lang='lat' dir='ltr'>omnes</span> <span class='ocrx_word' id='word_1_68' title='bbox 1964 813 1975 829; x_wconf 94' lang='lat'><em>,</em></span> <span class='ocrx_word' id='word_1_69' title='bbox 2017 781 2078 822; x_wconf 70' lang='lat' dir='ltr'>in⁴</span> 
     </span>
     <span class='ocr_line' id='line_1_9' title="bbox 389 856 2077 913; baseline 0 -17"><span class='ocrx_word' id='word_1_70' title='bbox 389 868 561 911; x_wconf 82' lang='lat' dir='ltr'>gruente</span> <span class='ocrx_word' id='word_1_71' title='bbox 592 856 772 913; x_wconf 81' lang='lat' dir='ltr'>hyeme,</span> <span class='ocrx_word' id='word_1_72' title='bbox 806 859 948 907; x_wconf 58' lang='lat' dir='ltr'>solita,</span> <span class='ocrx_word' id='word_1_73' title='bbox 983 859 1084 900; x_wconf 82' lang='lat' dir='ltr'>licet</span> <span class='ocrx_word' id='word_1_74' title='bbox 1113 860 1237 913; x_wconf 80' lang='lat' dir='ltr'>longa</span> <span class='ocrx_word' id='word_1_75' title='bbox 1268 858 1360 907; x_wconf 84' lang='lat' dir='ltr'>via,</span> <span class='ocrx_word' id='word_1_76' title='bbox 1391 869 1502 898; x_wconf 79' lang='lat' dir='ltr'>trans</span> <span class='ocrx_word' id='word_1_77' title='bbox 1534 873 1645 898; x_wconf 81' lang='lat' dir='ltr'>mare</span> <span class='ocrx_word' id='word_1_78' title='bbox 1674 859 1864 897; x_wconf 85' lang='lat' dir='ltr'>tendunt.</span> <span class='ocrx_word' id='word_1_79' title='bbox 1897 857 2077 911; x_wconf 75' lang='lat' dir='ltr'>Aliquae</span> 
     </span>
     <span class='ocr_line' id='line_1_10' title="bbox 390 933 2078 991; baseline 0.002 -21"><span class='ocrx_word' id='word_1_80' title='bbox 390 946 488 972; x_wconf 88' lang='lat' dir='ltr'>vero</span> <span class='ocrx_word' id='word_1_81' title='bbox 519 934 704 989; x_wconf 76' lang='lat' dir='ltr'>species,</span> <span class='ocrx_word' id='word_1_82' title='bbox 737 947 781 975; x_wconf 87' lang='lat' dir='ltr'>ut</span> <span class='ocrx_word' id='word_1_83' title='bbox 811 937 863 974; x_wconf 91' lang='lat' dir='ltr'>A.</span> <span class='ocrx_word' id='word_1_84' title='bbox 894 935 1070 984; x_wconf 77' lang='lat' dir='ltr'>nivalis,</span> <span class='ocrx_word' id='word_1_85' title='bbox 1111 934 1410 991; x_wconf 70' lang='lat' dir='ltr'>hyperboreas,</span> <span class='ocrx_word' id='word_1_86' title='bbox 1450 935 1664 982; x_wconf 65' lang='lat' dir='ltr'>Bernidcz,</span> <span class='ocrx_word' id='word_1_87' title='bbox 1697 933 1973 982; x_wconf 79' lang='lat' dir='ltr'>Canadensis,</span> <span class='ocrx_word' id='word_1_88' title='bbox 2018 948 2078 974; x_wconf 87' lang='lat' dir='ltr'>re-</span> 
     </span>
     <span class='ocr_line' id='line_1_11' title="bbox 390 1007 2078 1067; baseline 0.002 -21"><span class='ocrx_word' id='word_1_89' title='bbox 390 1007 534 1062; x_wconf 84' lang='lat' dir='ltr'>giones</span> <span class='ocrx_word' id='word_1_90' title='bbox 565 1011 882 1066; x_wconf 75' lang='lat' dir='ltr'>temperatiores</span> <span class='ocrx_word' id='word_1_91' title='bbox 910 1011 1034 1067; x_wconf 77' lang='lat' dir='ltr'>plane</span> <span class='ocrx_word' id='word_1_92' title='bbox 1068 1026 1150 1051; x_wconf 88' lang='lat' dir='ltr'>non</span> <span class='ocrx_word' id='word_1_93' title='bbox 1181 1011 1357 1050; x_wconf 79' lang='lat' dir='ltr'>salutare</span> <span class='ocrx_word' id='word_1_94' title='bbox 1387 1009 1550 1056; x_wconf 81' lang='lat' dir='ltr'>solent,</span> <span class='ocrx_word' id='word_1_95' title='bbox 1581 1010 1654 1049; x_wconf 83' lang='lat' dir='ltr'>sed</span> <span class='ocrx_word' id='word_1_96' title='bbox 1684 1011 1832 1049; x_wconf 82' lang='lat' dir='ltr'>eadem</span> <span class='ocrx_word' id='word_1_97' title='bbox 1861 1007 1954 1058; x_wconf 79' lang='lat' dir='ltr'>via,</span> <span class='ocrx_word' id='word_1_98' title='bbox 1998 1024 2078 1064; x_wconf 83' lang='lat' dir='ltr'>qua</span> 
     </span>
     <span class='ocr_line' id='line_1_12' title="bbox 387 1083 2078 1140; baseline 0.001 -18"><span class='ocrx_word' id='word_1_99' title='bbox 387 1098 485 1123; x_wconf 88' lang='lat' dir='ltr'>vere</span> <span class='ocrx_word' id='word_1_100' title='bbox 515 1100 567 1124; x_wconf 84' lang='lat' dir='ltr'>ex</span> <span class='ocrx_word' id='word_1_101' title='bbox 598 1085 795 1126; x_wconf 75' lang='lat' dir='ltr'>America</span> <span class='ocrx_word' id='word_1_102' title='bbox 823 1086 1023 1136; x_wconf 87' lang='lat' dir='ltr'>veniunt,</span> <span class='ocrx_word' id='word_1_103' title='bbox 1058 1098 1255 1126; x_wconf 83' lang='lat' dir='ltr'>autumno</span> <span class='ocrx_word' id='word_1_104' title='bbox 1286 1087 1436 1126; x_wconf 86' lang='lat' dir='ltr'>eodem</span> <span class='ocrx_word' id='word_1_105' title='bbox 1466 1096 1754 1133; x_wconf 84' lang='lat' dir='ltr'>revertuntur;</span> <span class='ocrx_word' id='word_1_106' title='bbox 1799 1095 1841 1124; x_wconf 87' lang='lat' dir='ltr'>et</span> <span class='ocrx_word' id='word_1_107' title='bbox 1876 1083 1955 1125; x_wconf 84' lang='lat' dir='ltr'>hac</span> <span class='ocrx_word' id='word_1_108' title='bbox 1985 1084 2078 1140; x_wconf 83' lang='lat' dir='ltr'>qui-</span> 
     </span>
     <span class='ocr_line' id='line_1_13' title="bbox 391 1159 2077 1217; baseline 0.001 -19"><span class='ocrx_word' id='word_1_109' title='bbox 391 1159 487 1199; x_wconf 88' lang='lat' dir='ltr'>dem</span> <span class='ocrx_word' id='word_1_110' title='bbox 518 1160 743 1201; x_wconf 85' lang='lat' dir='ltr'>Americae</span> <span class='ocrx_word' id='word_1_111' title='bbox 774 1161 832 1201; x_wconf 81' lang='lat' dir='ltr'>ita</span> <span class='ocrx_word' id='word_1_112' title='bbox 862 1174 956 1202; x_wconf 86' lang='lat' dir='ltr'>sunt</span> <span class='ocrx_word' id='word_1_113' title='bbox 986 1160 1205 1217; x_wconf 79' lang='lat' dir='ltr'>propriae,</span> <span class='ocrx_word' id='word_1_114' title='bbox 1250 1173 1296 1201; x_wconf 88' lang='lat' dir='ltr'>ut</span> <span class='ocrx_word' id='word_1_115' title='bbox 1336 1172 1499 1202; x_wconf 82' lang='lat' dir='ltr'>tantum</span> <span class='ocrx_word' id='word_1_116' title='bbox 1528 1160 1573 1201; x_wconf 92' lang='lat' dir='ltr'>in</span> <span class='ocrx_word' id='word_1_117' title='bbox 1603 1159 1800 1201; x_wconf 81' lang='lat' dir='ltr'>orientali</span> <span class='ocrx_word' id='word_1_118' title='bbox 1830 1160 1983 1200; x_wconf 84' lang='lat' dir='ltr'>Sibiria</span> <span class='ocrx_word' id='word_1_119' title='bbox 2014 1175 2077 1201; x_wconf 85' lang='lat' dir='ltr'>ae-</span> 
     </span>
     <span class='ocr_line' id='line_1_14' title="bbox 389 1234 2075 1292; baseline 0.001 -18"><span class='ocrx_word' id='word_1_120' title='bbox 389 1234 493 1275; x_wconf 82' lang='lat' dir='ltr'>stiva</span> <span class='ocrx_word' id='word_1_121' title='bbox 523 1248 694 1292; x_wconf 87' lang='lat' dir='ltr'>propter</span> <span class='ocrx_word' id='word_1_122' title='bbox 724 1237 990 1278; x_wconf 81' lang='lat' dir='ltr'>vicinitatem</span> <span class='ocrx_word' id='word_1_123' title='bbox 1021 1241 1107 1291; x_wconf 88' lang='lat' dir='ltr'>ejus</span> <span class='ocrx_word' id='word_1_124' title='bbox 1136 1248 1270 1278; x_wconf 78' lang='lat' dir='ltr'>terrae</span> <span class='ocrx_word' id='word_1_125' title='bbox 1299 1249 1522 1292; x_wconf 79' lang='lat' dir='ltr'>quaerant,</span> <span class='ocrx_word' id='word_1_126' title='bbox 1566 1237 1611 1278; x_wconf 90' lang='lat' dir='ltr'>in</span> <span class='ocrx_word' id='word_1_127' title='bbox 1648 1240 1813 1292; x_wconf 81' lang='lat' dir='ltr'>Europa</span> <span class='ocrx_word' id='word_1_128' title='bbox 1851 1251 1974 1284; x_wconf 87' lang='lat' dir='ltr'>vero,</span> <span class='ocrx_word' id='word_1_129' title='bbox 2022 1237 2075 1276; x_wconf 94' lang='lat' dir='ltr'>ob</span> 
     </span>
     <span class='ocr_line' id='line_1_15' title="bbox 389 1311 2075 1369; baseline 0.002 -19"><span class='ocrx_word' id='word_1_130' title='bbox 389 1314 545 1365; x_wconf 82' lang='lat' dir='ltr'>majora</span> <span class='ocrx_word' id='word_1_131' title='bbox 575 1312 698 1352; x_wconf 82' lang='lat' dir='ltr'>maris</span> <span class='ocrx_word' id='word_1_132' title='bbox 729 1312 951 1353; x_wconf 83' lang='lat' dir='ltr'>intervalla</span> <span class='ocrx_word' id='word_1_133' title='bbox 996 1313 1067 1354; x_wconf 85' lang='lat' dir='ltr'>vix</span> <span class='ocrx_word' id='word_1_134' title='bbox 1105 1329 1288 1368; x_wconf 80' lang='lat' dir='ltr'>unquam</span> <span class='ocrx_word' id='word_1_135' title='bbox 1318 1325 1465 1369; x_wconf 89' lang='lat' dir='ltr'>sponte</span> <span class='ocrx_word' id='word_1_136' title='bbox 1508 1324 1721 1369; x_wconf 78' lang='lat' dir='ltr'>apparent.</span> <span class='ocrx_word' id='word_1_137' title='bbox 1792 1311 1927 1352; x_wconf 79' lang='lat' dir='ltr'>Unica</span> <span class='ocrx_word' id='word_1_138' title='bbox 1969 1312 2075 1353; x_wconf 83' lang='lat' dir='ltr'>forte</span> 
     </span>
     <span class='ocr_line' id='line_1_16' title="bbox 390 1386 2077 1443; baseline 0.002 -18"><span class='ocrx_word' id='word_1_139' title='bbox 390 1386 589 1440; x_wconf 81' lang='lat' dir='ltr'>exceptio</span> <span class='ocrx_word' id='word_1_140' title='bbox 621 1389 670 1427; x_wconf 80' lang='lat' dir='ltr'>ab</span> <span class='ocrx_word' id='word_1_141' title='bbox 701 1388 774 1427; x_wconf 84' lang='lat' dir='ltr'>illa</span> <span class='ocrx_word' id='word_1_142' title='bbox 807 1388 1069 1443; x_wconf 80' lang='lat' dir='ltr'>migrationis</span> <span class='ocrx_word' id='word_1_143' title='bbox 1098 1390 1191 1443; x_wconf 78' lang='lat' dir='ltr'>lege</span> <span class='ocrx_word' id='word_1_144' title='bbox 1234 1400 1296 1428; x_wconf 87' lang='lat' dir='ltr'>est</span> <span class='ocrx_word' id='word_1_145' title='bbox 1337 1391 1467 1430; x_wconf 80' lang='lat' dir='ltr'>Anser</span> <span class='ocrx_word' id='word_1_146' title='bbox 1497 1390 1747 1442; x_wconf 77' lang='lat' dir='ltr'>cygnoides,</span> <span class='ocrx_word' id='word_1_147' title='bbox 1792 1390 1864 1443; x_wconf 89' lang='lat' dir='ltr'>qui</span> <span class='ocrx_word' id='word_1_148' title='bbox 1908 1388 2077 1428; x_wconf 86' lang='lat' dir='ltr'>videtur</span> 
     </span>
     <span class='ocr_line' id='line_1_17' title="bbox 389 1459 2075 1519; baseline 0.002 -19"><span class='ocrx_word' id='word_1_149' title='bbox 389 1459 578 1516; x_wconf 72' lang='lat' dir='ltr'>hyberna</span> <span class='ocrx_word' id='word_1_150' title='bbox 606 1461 651 1501; x_wconf 91' lang='lat' dir='ltr'>in</span> <span class='ocrx_word' id='word_1_151' title='bbox 681 1463 924 1504; x_wconf 73' lang='lat' dir='ltr'>australibus</span> <span class='ocrx_word' id='word_1_152' title='bbox 955 1463 1170 1503; x_wconf 83' lang='lat' dir='ltr'>orientalis</span> <span class='ocrx_word' id='word_1_153' title='bbox 1199 1462 1325 1503; x_wconf 81' lang='lat' dir='ltr'>Asiae</span> <span class='ocrx_word' id='word_1_154' title='bbox 1356 1462 1537 1513; x_wconf 79' lang='lat' dir='ltr'>habere,</span> <span class='ocrx_word' id='word_1_155' title='bbox 1581 1478 1717 1519; x_wconf 88' lang='lat' dir='ltr'>neque</span> <span class='ocrx_word' id='word_1_156' title='bbox 1747 1465 1798 1504; x_wconf 82' lang='lat' dir='ltr'>ad</span> <span class='ocrx_word' id='word_1_157' title='bbox 1829 1463 2075 1519; x_wconf 81' lang='lat' dir='ltr'>septentrio·</span> 
     </span>
     <span class='ocr_line' id='line_1_18' title="bbox 388 1536 2077 1593; baseline 0.001 -16"><span class='ocrx_word' id='word_1_158' title='bbox 388 1551 485 1577; x_wconf 87' lang='lat' dir='ltr'>nem</span> <span class='ocrx_word' id='word_1_159' title='bbox 518 1536 577 1577; x_wconf 86' lang='lat' dir='ltr'>ita</span> <span class='ocrx_word' id='word_1_160' title='bbox 607 1537 730 1592; x_wconf 83' lang='lat' dir='ltr'>longe</span> <span class='ocrx_word' id='word_1_161' title='bbox 759 1538 968 1587; x_wconf 80' lang='lat' dir='ltr'>excurrit,</span> <span class='ocrx_word' id='word_1_162' title='bbox 1012 1554 1058 1578; x_wconf 85' lang='lat' dir='ltr'>ac</span> <span class='ocrx_word' id='word_1_163' title='bbox 1100 1538 1284 1592; x_wconf 80' lang='lat' dir='ltr'>reliquae</span> <span class='ocrx_word' id='word_1_164' title='bbox 1314 1539 1475 1593; x_wconf 86' lang='lat' dir='ltr'>species</span> <span class='ocrx_word' id='word_1_165' title='bbox 1513 1553 1683 1584; x_wconf 84' lang='lat' dir='ltr'>omnes,</span> <span class='ocrx_word' id='word_1_166' title='bbox 1727 1552 1806 1578; x_wconf 87' lang='lat' dir='ltr'>nec</span> <span class='ocrx_word' id='word_1_167' title='bbox 1837 1540 2077 1579; x_wconf 80' lang='lat' dir='ltr'>observatur</span> 
     </span>
     <span class='ocr_line' id='line_1_19' title="bbox 389 1613 2075 1671; baseline 0.003 -20"><span class='ocrx_word' id='word_1_168' title='bbox 389 1613 623 1669; x_wconf 80' lang='lat' dir='ltr'>gregarius,</span> <span class='ocrx_word' id='word_1_169' title='bbox 656 1625 702 1654; x_wconf 91' lang='lat' dir='ltr'>ut</span> <span class='ocrx_word' id='word_1_170' title='bbox 728 1613 855 1665; x_wconf 82' lang='lat' dir='ltr'>illae,</span> <span class='ocrx_word' id='word_1_171' title='bbox 899 1625 1089 1669; x_wconf 86' lang='lat' dir='ltr'>tempore</span> <span class='ocrx_word' id='word_1_172' title='bbox 1121 1615 1322 1654; x_wconf 84' lang='lat' dir='ltr'>adventus</span> <span class='ocrx_word' id='word_1_173' title='bbox 1353 1625 1395 1654; x_wconf 87' lang='lat' dir='ltr'>et</span> <span class='ocrx_word' id='word_1_174' title='bbox 1421 1625 1516 1671; x_wconf 86' lang='lat' dir='ltr'>post</span> <span class='ocrx_word' id='word_1_175' title='bbox 1546 1615 1763 1656; x_wconf 85' lang='lat' dir='ltr'>educatam</span> <span class='ocrx_word' id='word_1_176' title='bbox 1793 1615 1954 1671; x_wconf 87' lang='lat' dir='ltr'>prolem</span> <span class='ocrx_word' id='word_1_177' title='bbox 1973 1648 1985 1662; x_wconf 78' lang='lat'><em>,</em></span> <span class='ocrx_word' id='word_1_178' title='bbox 2017 1629 2075 1656; x_wconf 83' lang='lat' dir='ltr'>es-</span> 
     </span>
     <span class='ocr_line' id='line_1_20' title="bbox 389 1689 608 1730; baseline 0.005 -2"><span class='ocrx_word' id='word_1_179' title='bbox 389 1703 430 1728; x_wconf 86' lang='lat' dir='ltr'>se</span> <span class='ocrx_word' id='word_1_180' title='bbox 461 1689 608 1730; x_wconf 82' lang='lat' dir='ltr'>solent.</span> 
     </span>
    </p>
   </div>
   <div class='ocr_carea' id='block_1_3' title="bbox 602 1786 1861 1875">
    <p class='ocr_par' dir='ltr' id='par_1_3' title="bbox 602 1786 1861 1875">
     <span class='ocr_line' id='line_1_21' title="bbox 602 1786 1861 1875; baseline 0.001 -16"><span class='ocrx_word' id='word_1_181' title='bbox 602 1818 717 1864; x_wconf 80' lang='lat'><strong>318.</strong></span> <span class='ocrx_word' id='word_1_182' title='bbox 791 1816 1063 1860; x_wconf 80' lang='lat' dir='ltr'><strong>ANSER</strong></span> <span class='ocrx_word' id='word_1_183' title='bbox 1125 1786 1446 1875; x_wconf 68' lang='lat' dir='ltr'>cygnoides.</span> <span class='ocrx_word' id='word_1_184' title='bbox 1524 1817 1655 1859; x_wconf 81' lang='lat' dir='ltr'><em>TAB.</em></span> <span class='ocrx_word' id='word_1_185' title='bbox 1698 1817 1861 1861; x_wconf 82' lang='lat' dir='ltr'><em>LXIV.</em></span> 
     </span>
    </p>
   </div>
   <div class='ocr_carea' id='block_1_4' title="bbox 387 1919 2072 2496">
    <p class='ocr_par' dir='ltr' id='par_1_4' title="bbox 387 1919 2072 2496">
     <span class='ocr_line' id='line_1_22' title="bbox 525 1919 2072 1977; baseline 0.002 -19"><span class='ocrx_word' id='word_1_186' title='bbox 525 1919 577 1959; x_wconf 83' lang='lat' dir='ltr'>A.</span> <span class='ocrx_word' id='word_1_187' title='bbox 609 1931 742 1961; x_wconf 85' lang='lat' dir='ltr'>rostro</span> <span class='ocrx_word' id='word_1_188' title='bbox 771 1921 863 1962; x_wconf 82' lang='lat' dir='ltr'>basi</span> <span class='ocrx_word' id='word_1_189' title='bbox 892 1922 1004 1962; x_wconf 78' lang='lat' dir='ltr'>elato</span> <span class='ocrx_word' id='word_1_190' title='bbox 1033 1920 1167 1977; x_wconf 82' lang='lat' dir='ltr'>nigro,</span> <span class='ocrx_word' id='word_1_191' title='bbox 1201 1921 1354 1961; x_wconf 85' lang='lat' dir='ltr'>annulo</span> <span class='ocrx_word' id='word_1_192' title='bbox 1385 1922 1480 1962; x_wconf 89' lang='lat' dir='ltr'>albo</span> <span class='ocrx_word' id='word_1_193' title='bbox 1507 1921 1730 1977; x_wconf 85' lang='lat' dir='ltr'>plumaceo</span> <span class='ocrx_word' id='word_1_194' title='bbox 1760 1922 1912 1972; x_wconf 86' lang='lat' dir='ltr'>cincto,</span> <span class='ocrx_word' id='word_1_195' title='bbox 1945 1920 2072 1962; x_wconf 79' lang='lat' dir='ltr'>fascia</span> 
     </span>
     <span class='ocr_line' id='line_1_23' title="bbox 387 1993 1027 2052; baseline 0.006 -19"><span class='ocrx_word' id='word_1_196' title='bbox 387 1993 588 2035; x_wconf 82' lang='lat' dir='ltr'>cervicali</span> <span class='ocrx_word' id='word_1_197' title='bbox 616 1996 854 2052; x_wconf 80' lang='lat' dir='ltr'>ferrugineo</span> <span class='ocrx_word' id='word_1_198' title='bbox 871 2023 883 2029; x_wconf 95' lang='lat'>-</span> <span class='ocrx_word' id='word_1_199' title='bbox 900 1998 1027 2038; x_wconf 84' lang='lat' dir='ltr'>fusca.</span> 
     </span>
     <span class='ocr_line' id='line_1_24' title="bbox 607 2072 2069 2130; baseline 0.003 -18"><span class='ocrx_word' id='word_1_200' title='bbox 607 2073 744 2112; x_wconf 86' lang='lat' dir='ltr'>Anser</span> <span class='ocrx_word' id='word_1_201' title='bbox 772 2073 1002 2128; x_wconf 80' lang='lat' dir='ltr'>cygnoides</span> <span class='ocrx_word' id='word_1_202' title='bbox 1032 2087 1172 2113; x_wconf 85' lang='lat' dir='ltr'>macro</span> <span class='ocrx_word' id='word_1_203' title='bbox 1202 2072 1586 2128; x_wconf 81' lang='lat' dir='ltr'>melanorhynchos</span> <span class='ocrx_word' id='word_1_204' title='bbox 1604 2105 1614 2124; x_wconf 91' lang='lat'>,</span> <span class='ocrx_word' id='word_1_205' title='bbox 1661 2089 1761 2130; x_wconf 81' lang='lat' dir='ltr'>ruga</span> <span class='ocrx_word' id='word_1_206' title='bbox 1805 2075 1926 2116; x_wconf 86' lang='lat' dir='ltr'>rostri</span> <span class='ocrx_word' id='word_1_207' title='bbox 1958 2087 2069 2116; x_wconf 81' lang='lat' dir='ltr'>cuta-</span> 
     </span>
     <span class='ocr_line' id='line_1_25' title="bbox 661 2148 2070 2205; baseline 0.003 -16"><span class='ocrx_word' id='word_1_208' title='bbox 661 2163 735 2188; x_wconf 83' lang='lat' dir='ltr'>cea</span> <span class='ocrx_word' id='word_1_209' title='bbox 764 2148 1028 2190; x_wconf 82' lang='lat' dir='ltr'>transversali</span> <span class='ocrx_word' id='word_1_210' title='bbox 1057 2149 1199 2205; x_wconf 80' lang='lat' dir='ltr'>nigra,</span> <span class='ocrx_word' id='word_1_211' title='bbox 1234 2148 1395 2189; x_wconf 82' lang='lat' dir='ltr'>fimbria</span> <span class='ocrx_word' id='word_1_212' title='bbox 1423 2149 1570 2190; x_wconf 87' lang='lat' dir='ltr'>frontis</span> <span class='ocrx_word' id='word_1_213' title='bbox 1600 2150 1715 2198; x_wconf 80' lang='lat' dir='ltr'>alba,</span> <span class='ocrx_word' id='word_1_214' title='bbox 1747 2151 1874 2192; x_wconf 85' lang='lat' dir='ltr'>ductu</span> <span class='ocrx_word' id='word_1_215' title='bbox 1891 2153 2070 2193; x_wconf 86' lang='lat' dir='ltr'>cervica-</span> 
     </span>
     <span class='ocr_line' id='line_1_26' title="bbox 660 2225 2068 2282; baseline 0.004 -18"><span class='ocrx_word' id='word_1_216' title='bbox 660 2225 693 2264; x_wconf 87' lang='lat' dir='ltr'>li</span> <span class='ocrx_word' id='word_1_217' title='bbox 723 2225 921 2281; x_wconf 82' lang='lat' dir='ltr'>spadiceo</span> <span class='ocrx_word' id='word_1_218' title='bbox 949 2226 1089 2277; x_wconf 82' lang='lat' dir='ltr'>fusco,</span> <span class='ocrx_word' id='word_1_219' title='bbox 1119 2227 1396 2268; x_wconf 77' lang='lat' dir='ltr'>Messerschm.</span> <span class='ocrx_word' id='word_1_220' title='bbox 1425 2226 1625 2282; x_wconf 77' lang='lat' dir='ltr'>Hodeget.</span> <span class='ocrx_word' id='word_1_221' title='bbox 1654 2228 1743 2267; x_wconf 84' lang='lat' dir='ltr'>MS.</span> <span class='ocrx_word' id='word_1_222' title='bbox 1773 2237 1811 2269; x_wconf 80' lang='lat' dir='ltr'>et</span> <span class='ocrx_word' id='word_1_223' title='bbox 1839 2230 1942 2270; x_wconf 79' lang='lat' dir='ltr'>Xzen</span> <span class='ocrx_word' id='word_1_224' title='bbox 1969 2228 2068 2269; x_wconf 71' lang='lat' dir='ltr'><strong><em>Isid.</em></strong></span> 
     </span>
     <span class='ocr_line' id='line_1_27' title="bbox 660 2301 913 2343; baseline 0.008 -3"><span class='ocrx_word' id='word_1_225' title='bbox 660 2301 783 2343; x_wconf 75' lang='lat' dir='ltr'>Sibir.</span> <span class='ocrx_word' id='word_1_226' title='bbox 823 2303 913 2342; x_wconf 87' lang='lat' dir='ltr'>MS.</span> 
     </span>
     <span class='ocr_line' id='line_1_28' title="bbox 605 2377 2063 2436; baseline 0.003 -18"><span class='ocrx_word' id='word_1_227' title='bbox 605 2378 740 2418; x_wconf 86' lang='lat' dir='ltr'>Anser</span> <span class='ocrx_word' id='word_1_228' title='bbox 769 2377 1317 2436; x_wconf 84' lang='lat' dir='ltr'>melano-platyrhynchos</span> <span class='ocrx_word' id='word_1_229' title='bbox 1346 2379 1508 2430; x_wconf 84' lang='lat' dir='ltr'>fuscus,</span> <span class='ocrx_word' id='word_1_230' title='bbox 1538 2379 1650 2423; x_wconf 86' lang='lat' dir='ltr'>collo</span> <span class='ocrx_word' id='word_1_231' title='bbox 1681 2380 1879 2432; x_wconf 80' lang='lat' dir='ltr'>fasciato,</span> <span class='ocrx_word' id='word_1_232' title='bbox 1912 2380 2063 2419; x_wconf 78' lang='lat' dir='ltr'>Steller.</span> 
     </span>
     <span class='ocr_line' id='line_1_29' title="bbox 661 2453 862 2496; baseline 0.01 -3"><span class='ocrx_word' id='word_1_233' title='bbox 661 2453 746 2496; x_wconf 74' lang='lat' dir='ltr'>obs.</span> <span class='ocrx_word' id='word_1_234' title='bbox 775 2455 862 2496; x_wconf 84' lang='lat' dir='ltr'>MS.</span> 
     </span>
    </p>
   </div>
  </div>
 </body>
</html>
