2175 2931
393 199 481 242 208
1158 205 1302 220 --··

390 308 681 364 ingrediuntur
710 319 753 348 et
781 305 1023 348 immobiles
1063 315 1344 362 supernatant.
1414 304 1555 346 Etiam
1583 304 1628 347 in
1657 305 1759 362 ripis
1790 319 1912 362 saepe
1949 307 2074 364 longa

388 385 494 426 serie
525 395 634 425 stant
663 383 831 423 immoti
853 382 939 423 diu.
981 386 1092 423 Vera
1116 382 1460 437 estDampieri
1489 382 1740 432 observatio,
1772 397 1842 422 eos
1858 381 1901 422 in
1918 383 2071 439 stagnis

387 461 558 503 marinis
589 458 754 499 vadosis
784 459 1002 500 corradere
1035 458 1164 499 colles
1194 457 1477 514 sesquipedali
1495 457 1732 506 altitudine,
1763 474 1939 514 quorum
1967 475 2072 500 sum-

384 536 524 578 mitati
552 547 722 576 cavatae
751 534 976 590 imponunt
1007 550 1085 576 ova
1114 534 1241 590 vulgo
1264 534 1375 584 bina,
1406 550 1510 591 quae
1540 534 1642 576 colli
1673 536 1880 576 adstantes
1902 546 2072 590 pectore

384 613 542 653 fovent.
601 610 875 653 Plumationis
905 623 1095 669 tempore
1126 611 1253 652 etiam
1284 611 1511 667 epidermis
1541 613 1722 667 pedum,
1764 611 1893 651 instar
1930 626 2074 651 verna-

382 688 512 729 tionis
542 688 772 744 anguinae,
805 688 979 729 secedit.
1046 687 1281 730 Calmuccis
1313 687 1670 744 Phoenicopterus
1701 687 1884 727 maxime
1914 686 2074 728 omino-

382 779 427 805 sa
457 775 499 805 et
530 763 791 805 detestabilis
820 762 999 805 habetur
1027 764 1113 805 avis
1131 796 1140 814 ,
1172 765 1519 820 quandocumque
1550 765 1600 804 ab
1630 763 1682 804 iis
1720 763 1988 819 conspicitur.

520 842 689 882 Descr.
747 841 937 882 Rostrum
966 853 1157 882 extremo
1187 840 1376 896 nigrum,
1422 851 1659 890 caeterum,
1704 839 1766 879 uti
1808 840 1963 894 pedes,
2005 855 2071 881 co-

382 917 534 958 rallino
564 917 789 973 pallidiore
819 918 966 957 rubore
996 917 1189 957 tinctum.
1246 916 1539 972 Palpebrarum
1567 915 1772 970 margines
1802 914 1958 955 citrini.
2009 917 2074 957 Se-

381 998 513 1034 niores
541 992 672 1049 magis
701 1005 743 1033 et
775 993 905 1048 magis
937 1009 989 1033 ex
1023 993 1118 1033 albo
1148 991 1261 1033 rubri
1292 993 1498 1037 evadunt3
1551 994 1730 1048 juniores
1760 1006 1932 1046 corpore
1960 992 2069 1043 albo,

382 1069 595 1111 levissime
625 1069 886 1119 rubicundo,
932 1069 1008 1109 alis
1038 1068 1180 1109 roseis.
1251 1069 1359 1108 Pulli
1388 1082 1486 1107 vcro
1516 1067 1653 1123 primo
1684 1083 1791 1108 anno
1823 1067 2070 1122 grysco-al-

379 1144 498 1195 bidi,
530 1145 788 1186 fuscescente
820 1144 993 1194 murati,
1026 1145 1110 1184 fere
1139 1144 1268 1184 instar
1297 1142 1502 1183 Numenii
1529 1145 1755 1198 Arquatae.
1791 1146 1839 1183 In
1868 1142 1932 1193 iis,
1965 1159 2067 1199 quos

380 1238 401 1262 a
431 1222 576 1261 Jemba
608 1220 762 1271 habui,
796 1221 952 1261 alarum
982 1220 1155 1261 brachia
1188 1220 1320 1276 magis
1351 1220 1471 1259 rubra
1501 1234 1701 1275 corpore,
1745 1219 1944 1260 extremis
1979 1219 2068 1275 plu-

379 1313 539 1338 marum
569 1297 702 1337 dilute
732 1297 1027 1338 cinnabarinis.
1103 1298 1303 1337 Tectrices
1344 1295 1568 1351 primariae
1610 1306 1653 1335 et
1696 1299 1808 1336 alula
1845 1295 2064 1336 albidiora.

376 1376 565 1427 Remiges
593 1372 817 1427 primariae
855 1391 914 1413 11.
945 1371 1214 1414 secundariae
1249 1380 1311 1413 25.
1341 1371 1577 1426 pleraeque,
1608 1370 1883 1425 tectricesque
1913 1372 2067 1420 subtus,

380 1448 622 1495 aterrimae3
655 1459 695 1487 at
723 1448 898 1487 intimae
928 1454 965 1488 8.
998 1448 1105 1487 alam
1136 1447 1422 1486 secundariam
1450 1447 1768 1501 subaequantes,
1799 1447 1942 1495 albae,
1974 1463 2065 1488 acu-

375 1537 457 1566 tae.
517 1526 600 1564 Ala
629 1524 870 1564 secundaria
899 1522 1124 1577 majoribus
1152 1522 1301 1577 pennis
1331 1522 1462 1571 albis,
1495 1521 1725 1576 elongatis,
1758 1524 1986 1577 subjubata‚
2017 1535 2063 1564 ut

375 1600 554 1649 Ardeis,
587 1599 761 1639 caudam
793 1609 956 1653 aequat.
1014 1600 1217 1638 Rectrices
1249 1597 1384 1646 latae,
1416 1599 1661 1648 subacutae,
1707 1597 1871 1639 mediae
1909 1600 2063 1642 sensim

376 1675 609 1731 longiores,
652 1689 797 1715 omnes
829 1688 1004 1714 amoene
1035 1673 1304 1714 rubicundae.
1374 1675 1538 1716 Pondus
1566 1674 1767 1731 descripti
1790 1687 1877 1716 erat
1905 1691 2057 1718 novem

371 1753 597 1801 librarum,
630 1752 702 1792 sed
737 1761 824 1790 erat
853 1749 1013 1806 aliquot
1043 1750 1205 1790 dierum
1232 1750 1375 1791 inedia
1407 1750 1649 1792 emaciatus.
