2175 2931
388 194 476 242 236·
1153 196 1297 219 *Q

487 301 629 344 Rossis
671 303 722 342 ad
765 315 877 341 mare
919 296 1203 354 Norvagicum
1242 308 1284 338 et
1326 297 1484 339 Album
1526 296 1814 339 habitantibus
1844 299 1987 355 Gaglzcz
2025 309 2067 341 et

550 381 708 433 Gaflm:
753 376 797 417 in
841 375 996 416 Sibiria
1035 374 1195 416 boreali
1223 375 1423 415 Normota
1467 375 1707 431 (communi
1742 390 1837 416 cum
1867 388 2065 431 sequente

551 453 880 510 appellatione).

522 534 654 570 Datur
684 530 910 570 secundum
943 542 1111 569 omnem
1142 542 1254 568 oram
1286 526 1473 583 glacialis
1504 526 1665 569 Oceani
1695 527 1865 578 arctici,
1896 527 2064 568 ubicun-

383 622 463 665 que
493 606 635 647 littora
665 604 869 661 rupestria
899 616 942 644 et
971 604 1212 659 scopulosae
1244 603 1354 644 circa
1386 604 1573 644 Jeniseae
1614 615 1655 644 et
1684 607 1822 644 Lenae
1862 603 1968 645 ostia
2006 603 2067 644 di-

383 685 490 726 citur
518 682 677 737 insigni
708 697 880 723 numero
910 695 1138 722 occurrere.
1197 681 1345 720 Rarior
1373 678 1418 720 in
1448 680 1553 720 mari
1583 679 1693 720 circa
1717 679 2067 729 Camtschatcam,

383 775 478 801 cum
507 761 558 799 A.
590 757 826 814 spectabili.
896 761 1058 812 Hyeme
1087 756 1261 797 subinde
1291 756 1335 796 in
1379 756 1513 811 glacie
1544 755 1758 805 fluitante,
1799 772 1892 797 cum
1932 754 2067 795 Lutris

382 834 577 884 marinis,
610 850 662 875 ex
693 834 891 875 America
923 835 1081 874 advena
1111 834 1363 873 observatur.
1428 836 1476 872 In
1506 831 1717 872 littoribus
1747 833 1885 873 boreis
1914 843 1957 872 et
1986 847 2067 871 ma-

383 912 438 953 ris
470 911 555 952 albi
586 926 682 951 vere
714 911 881 951 advolat
913 920 955 950 et
984 910 1101 949 tarde
1133 919 1330 948 autumno
1362 907 1462 948 abit.
1494 906 1688 947 Flumina
1711 923 1923 963 nunquam
1945 906 2068 956 subit,

383 989 456 1029 sed
487 987 532 1027 in
562 986 743 1042 scopulis
775 985 944 1025 marinis
974 983 1199 1025 inaccessis
1238 984 1477 1033 nidulatur,
1520 982 1648 1038 inque
1691 982 1919 1024 insularum
1960 981 2069 1037 juni-

381 1063 553 1120 peretis.
612 1063 703 1103 Ova
734 1061 919 1117 quinque
948 1061 1016 1100 vel
1046 1073 1145 1109 sex,
1190 1069 1325 1099 sature
1356 1059 1535 1107 viridia,
1579 1059 1780 1100 anserinis
1825 1061 1910 1100 fere
1939 1057 2069 1115 paria,

382 1154 487 1195 quae
518 1140 568 1179 ab
598 1137 750 1179 incolis
781 1137 869 1177 sine
915 1137 1033 1191 lege,
1093 1134 1217 1175 simul
1247 1149 1341 1175 cum
1385 1135 1580 1191 lanugine
1610 1135 1837 1191 rapiuntur.
1914 1138 2070 1175 Matres

381 1217 506 1256 orbae
535 1229 663 1270 usque
695 1215 745 1254 ad
775 1212 921 1253 tertios
951 1212 1073 1252 nidos
1103 1212 1287 1252 condunt
1319 1222 1360 1252 et
1389 1212 1586 1267 lanugine
1616 1227 1685 1252 sua
1715 1222 1921 1267 operiunt.
1982 1213 2070 1251 Ma-

381 1291 442 1346 gis
473 1291 653 1331 abundat
684 1289 728 1329 in
759 1287 932 1330 desertis
961 1288 1133 1343 rupibus
1165 1286 1428 1343 Spitsbergae
1465 1298 1508 1328 et
1536 1291 1689 1327 Terrae
1718 1301 1849 1327 novae
1881 1287 2068 1343 (Novajcz

377 1367 526 1425 Semlja
547 1371 578 1422 ).
641 1369 690 1406 In
721 1363 900 1406 Sibiriae
929 1378 1000 1404 ora
1030 1364 1183 1418 lanugo
1211 1378 1412 1418 nusquam
1443 1362 1670 1418 colligitur.

594 1549 707 1602 329.
782 1542 994 1586 ANAS
1068 1542 1420 1599 spectabilis.
1498 1542 1626 1585 TAB.
1669 1541 1854 1585 LXVII.

519 1672 571 1712 Α.
603 1679 735 1710 rostro
763 1665 852 1707 basi
883 1664 1011 1720 gibbo
1041 1665 1151 1705 linea
1181 1667 1370 1721 plumosa
1398 1665 1614 1721 bipartito,
1644 1665 1782 1723 capite
1804 1664 2066 1708 versicolore.

600 1751 715 1788 Anas
746 1742 884 1798 capite
915 1757 1045 1792 cano,
1077 1742 1271 1783 Edward.
1306 1758 1370 1781 αυ.
1399 1743 1454 1780 ΙΙ.
1483 1743 1567 1783 tab.
1606 1751 1689 1794 154.

605 1824 719 1863 Anas
749 1817 1019 1874 spectabiliS,
1051 1820 1140 1858 Lin.
1170 1828 1272 1872 syst.
1303 1819 1395 1856 XII.
1426 1819 1459 1857 Ι.
1490 1834 1528 1873 ρ.
1567 1826 1650 1869 195.
1683 1833 1742 1873 sp.
1775 1824 1813 1859 5.

600 1895 889 1951 King-cluck‚
920 1896 1040 1936 Penn.
1072 1895 1190 1935 Zool.
1223 1903 1322 1934 arct-
1353 1895 1406 1933 II.
1437 1909 1476 1948 p.
1508 1900 1599 1944 554.
1656 1896 1844 1935 Latham.
1888 1910 1952 1935 av.
1996 1895 2065 1935 VI.

661 1989 700 2028 p.
731 1978 824 2023 473.
856 1987 893 2011 η.
925 1978 988 2012 30.

602 2047 757 2101 Bering
787 2048 948 2095 Goose,
978 2047 1099 2086 Penn.
1131 2055 1231 2086 aret.
1262 2046 1379 2086 Zool.
1412 2062 1451 2101 p.
1483 2052 1575 2096 548.
1607 2063 1645 2086 n.
1662 2054 1754 2100 475.
1795 2049 1983 2087 Lathczm.
2003 2063 2067 2087 av.

661 2125 730 2164 VI.
763 2139 801 2178 p.
831 2129 925 2172 465.
956 2138 994 2162 η.
1027 2131 1090 2172 24.
1123 2123 1249 2162 Gmel.
1280 2132 1382 2175 ςγδι.
1415 2123 1489 2162 ΙΙΙ.
1520 2139 1546 2178 p
1592 2130 1683 2164 508.
1715 2139 1753 2164 n.
1784 2131 1849 2165 63.

493 2200 636 2245 Rossis
667 2199 777 2241 circa
807 2200 1075 2253 Mangaseam
1105 2198 1344 2238 viventibus
1360 2199 1664 2242 Grebenusclzka
1695 2199 1983 2255 (cristatella),
2016 2201 2066 2242 ad

549 2279 614 2318 Ob
643 2279 683 2318 fl.
713 2275 935 2323 Normo'ca‚
966 2285 1012 2315 ut
1041 2275 1311 2329 praecedens.

495 2352 727 2408 samojedis
758 2367 780 2391 a
810 2364 911 2391 voce
948 2350 1094 2391 Wordk
1124 2350 1192 2390 vel
1227 2351 1388 2394 Wardk.

495 2428 650 2473 Cutilis
677 2438 719 2470 et
749 2425 1081 2472 Camtschadalis
1118 2427 1237 2469 Micia.
