<?xml version="1.0" encoding="UTF-8"?>
<!DOCTYPE html PUBLIC "-//W3C//DTD XHTML 1.0 Transitional//EN"
    "http://www.w3.org/TR/xhtml1/DTD/xhtml1-transitional.dtd">
<html xmlns="http://www.w3.org/1999/xhtml" xml:lang="en" lang="en">
 <head>
  <title>
</title>
<meta http-equiv="Content-Type" content="text/html;charset=utf-8" />
  <meta name='ocr-system' content='tesseract 3.04.00' />
  <meta name='ocr-capabilities' content='ocr_page ocr_carea ocr_par ocr_line ocrx_word'/>
</head>
<body>
  <div class='ocr_page' id='page_1' title='image "./zoographiarossoa22pall_0172.png"; bbox 0 0 2175 2931; ppageno 0'>
   <div class='ocr_carea' id='block_1_1' title="bbox 1150 216 1297 231">
    <p class='ocr_par' dir='ltr' id='par_1_1' title="bbox 1150 216 1297 231">
     <span class='ocr_line' id='line_1_1' title="bbox 1150 216 1297 231; baseline -0.007 -2"><span class='ocrx_word' id='word_1_1' title='bbox 1150 216 1297 231; x_wconf 46' lang='grc' dir='ltr'><strong>ψ</strong></span> 
     </span>
    </p>
   </div>
   <div class='ocr_carea' id='block_1_2' title="bbox 1151 232 1296 241">
    <p class='ocr_par' dir='ltr' id='par_1_2' title="bbox 1151 232 1296 241">
     <span class='ocr_line' id='line_1_2' title="bbox 1151 232 1296 241; baseline 0 2690"><span class='ocrx_word' id='word_1_2' title='bbox 1151 232 1296 241; x_wconf 95' lang='lat' dir='ltr'> </span> 
     </span>
    </p>
   </div>
   <div class='ocr_carea' id='block_1_3' title="bbox 394 209 2125 454">
    <p class='ocr_par' dir='ltr' id='par_1_3' title="bbox 394 209 2125 454">
     <span class='ocr_line' id='line_1_3' title="bbox 397 209 486 262; baseline -0.045 -7"><span class='ocrx_word' id='word_1_3' title='bbox 397 224 414 255; x_wconf 78' lang='lat'><strong>1</strong></span> <span class='ocrx_word' id='word_1_4' title='bbox 426 209 486 262; x_wconf 85' lang='lat'>56</span> 
     </span>
     <span class='ocr_line' id='line_1_4' title="bbox 537 311 2125 376; baseline -0.004 -13"><span class='ocrx_word' id='word_1_5' title='bbox 537 325 585 363; x_wconf 90' lang='lat' dir='ltr'>In</span> <span class='ocrx_word' id='word_1_6' title='bbox 616 320 825 362; x_wconf 83' lang='lat' dir='ltr'>Dauuriae</span> <span class='ocrx_word' id='word_1_7' title='bbox 854 317 1030 376; x_wconf 76' lang='lat' dir='ltr'>planitie</span> <span class='ocrx_word' id='word_1_8' title='bbox 1061 318 1226 358; x_wconf 89' lang='lat' dir='ltr'>deserto</span> <span class='ocrx_word' id='word_1_9' title='bbox 1256 311 1467 355; x_wconf 88' lang='lat' dir='ltr'>Gobeensi</span> <span class='ocrx_word' id='word_1_10' title='bbox 1496 313 1715 364; x_wconf 84' lang='lat' dir='ltr'>continua,</span> <span class='ocrx_word' id='word_1_11' title='bbox 1747 312 1856 354; x_wconf 87' lang='lat' dir='ltr'>inter</span> <span class='ocrx_word' id='word_1_12' title='bbox 1883 312 2074 357; x_wconf 89' lang='lat' dir='ltr'>Ononem</span> <span class='ocrx_word' id='word_1_13' title='bbox 2123 332 2125 335; x_wconf 54' lang='lat'><em>⁴</em></span> 
     </span>
     <span class='ocr_line' id='line_1_5' title="bbox 394 389 2075 454; baseline -0.006 -14"><span class='ocrx_word' id='word_1_14' title='bbox 394 410 438 439; x_wconf 90' lang='lat' dir='ltr'>et</span> <span class='ocrx_word' id='word_1_15' title='bbox 465 401 681 454; x_wconf 83' lang='lat' dir='ltr'>Argunum</span> <span class='ocrx_word' id='word_1_16' title='bbox 710 397 906 446; x_wconf 84' lang='lat' dir='ltr'>fluvium,</span> <span class='ocrx_word' id='word_1_17' title='bbox 955 394 1066 435; x_wconf 83' lang='lat' dir='ltr'>circa</span> <span class='ocrx_word' id='word_1_18' title='bbox 1108 394 1220 433; x_wconf 85' lang='lat' dir='ltr'>lacus</span> <span class='ocrx_word' id='word_1_19' title='bbox 1250 391 1376 432; x_wconf 82' lang='lat' dir='ltr'>salsos</span> <span class='ocrx_word' id='word_1_20' title='bbox 1416 401 1459 430; x_wconf 85' lang='lat' dir='ltr'>et</span> <span class='ocrx_word' id='word_1_21' title='bbox 1487 389 1785 445; x_wconf 83' lang='lat' dir='ltr'>salsuginosos‚</span> <span class='ocrx_word' id='word_1_22' title='bbox 1829 393 2075 447; x_wconf 80' lang='lat' dir='ltr'>praesertim</span> 
     </span>
    </p>
   </div>
   <div class='ocr_carea' id='block_1_4' title="bbox 391 466 2076 599">
    <p class='ocr_par' dir='ltr' id='par_1_4' title="bbox 391 466 2076 599">
     <span class='ocr_line' id='line_1_6' title="bbox 392 466 2074 528; baseline -0.007 -13"><span class='ocrx_word' id='word_1_23' title='bbox 392 474 437 515; x_wconf 89' lang='lat' dir='ltr'>in</span> <span class='ocrx_word' id='word_1_24' title='bbox 467 475 576 515; x_wconf 81' lang='lat' dir='ltr'>valle</span> <span class='ocrx_word' id='word_1_25' title='bbox 605 472 982 528; x_wconf 67' lang='lat' dir='ltr'>Chongor-azirg&amp;</span> <span class='ocrx_word' id='word_1_26' title='bbox 1001 502 1011 520; x_wconf 86' lang='lat'>‚</span> <span class='ocrx_word' id='word_1_27' title='bbox 1055 486 1077 510; x_wconf 90' lang='lat' dir='ltr'>a</span> <span class='ocrx_word' id='word_1_28' title='bbox 1107 466 1433 523; x_wconf 80' lang='lat' dir='ltr'>diligentissimo</span> <span class='ocrx_word' id='word_1_29' title='bbox 1459 467 1809 519; x_wconf 76' lang='lat' dir='ltr'>NiC.Sokolof‚</span> <span class='ocrx_word' id='word_1_30' title='bbox 1838 477 1938 508; x_wconf 88' lang='lat' dir='ltr'>tunc</span> <span class='ocrx_word' id='word_1_31' title='bbox 1968 485 2074 510; x_wconf 82' lang='lat' dir='ltr'>ama-</span> 
     </span>
     <span class='ocr_line' id='line_1_7' title="bbox 391 541 2076 599; baseline -0.002 -9"><span class='ocrx_word' id='word_1_32' title='bbox 391 548 539 590; x_wconf 85' lang='lat' dir='ltr'>nuensi</span> <span class='ocrx_word' id='word_1_33' title='bbox 569 564 691 599; x_wconf 90' lang='lat' dir='ltr'>meo,</span> <span class='ocrx_word' id='word_1_34' title='bbox 723 551 976 589; x_wconf 82' lang='lat' dir='ltr'>observatus.</span> <span class='ocrx_word' id='word_1_35' title='bbox 1045 546 1189 588; x_wconf 81' lang='lat' dir='ltr'>cauda</span> <span class='ocrx_word' id='word_1_36' title='bbox 1231 554 1412 585; x_wconf 84' lang='lat' dir='ltr'>surrecta</span> <span class='ocrx_word' id='word_1_37' title='bbox 1454 542 1499 584; x_wconf 90' lang='lat' dir='ltr'>in</span> <span class='ocrx_word' id='word_1_38' title='bbox 1540 541 1641 598; x_wconf 80' lang='lat' dir='ltr'>ripis</span> <span class='ocrx_word' id='word_1_39' title='bbox 1672 541 1906 583; x_wconf 90' lang='lat' dir='ltr'>discurrunt</span> <span class='ocrx_word' id='word_1_40' title='bbox 1943 546 2076 586; x_wconf 84' lang='lat' dir='ltr'>exsul-</span> 
     </span>
    </p>
   </div>
   <div class='ocr_carea' id='block_1_5' title="bbox 390 635 2077 752">
    <p class='ocr_par' dir='ltr' id='par_1_5' title="bbox 390 635 2077 752">
     <span class='ocr_line' id='line_1_8' title="bbox 390 635 539 665; baseline -0.007 0"><span class='ocrx_word' id='word_1_41' title='bbox 390 635 539 665; x_wconf 72' lang='lat' dir='ltr'>tentes.</span> 
     </span>
     <span class='ocr_line' id='line_1_9' title="bbox 529 693 2077 752; baseline 0.001 -12"><span class='ocrx_word' id='word_1_42' title='bbox 529 702 701 741; x_wconf 78' lang='lat' dir='ltr'>Descr.</span> <span class='ocrx_word' id='word_1_43' title='bbox 731 693 922 741; x_wconf 75' lang='lat' dir='ltr'>Rostrum</span> <span class='ocrx_word' id='word_1_44' title='bbox 952 697 1287 739; x_wconf 78' lang='lat' dir='ltr'><strong>mandibularum</strong></span> <span class='ocrx_word' id='word_1_45' title='bbox 1317 694 1572 750; x_wconf 81' lang='lat' dir='ltr'>marginibus</span> <span class='ocrx_word' id='word_1_46' title='bbox 1602 709 1740 736; x_wconf 85' lang='lat' dir='ltr'>versus</span> <span class='ocrx_word' id='word_1_47' title='bbox 1769 694 1889 736; x_wconf 83' lang='lat' dir='ltr'>basin</span> <span class='ocrx_word' id='word_1_48' title='bbox 1917 697 2077 752; x_wconf 84' lang='lat' dir='ltr'>pallide</span> 
     </span>
    </p>
   </div>
   <div class='ocr_carea' id='block_1_6' title="bbox 386 771 2080 1134">
    <p class='ocr_par' dir='ltr' id='par_1_6' title="bbox 386 771 2080 1134">
     <span class='ocr_line' id='line_1_10' title="bbox 389 771 2078 831; baseline -0.001 -14"><span class='ocrx_word' id='word_1_49' title='bbox 389 776 620 824; x_wconf 84' lang='lat' dir='ltr'>viridibus;</span> <span class='ocrx_word' id='word_1_50' title='bbox 663 781 752 817; x_wconf 84' lang='lat' dir='ltr'>lora</span> <span class='ocrx_word' id='word_1_51' title='bbox 783 788 894 816; x_wconf 86' lang='lat' dir='ltr'>tecta</span> <span class='ocrx_word' id='word_1_52' title='bbox 923 774 1090 831; x_wconf 81' lang='lat' dir='ltr'><strong>plumis.</strong></span> <span class='ocrx_word' id='word_1_53' title='bbox 1168 775 1303 829; x_wconf 73' lang='lat' dir='ltr'>Caput</span> <span class='ocrx_word' id='word_1_54' title='bbox 1332 773 1706 826; x_wconf 85' lang='lat' dir='ltr'>fusco-gryseum,</span> <span class='ocrx_word' id='word_1_55' title='bbox 1748 771 1862 812; x_wconf 87' lang='lat' dir='ltr'>linea</span> <span class='ocrx_word' id='word_1_56' title='bbox 1899 776 2078 829; x_wconf 87' lang='lat' dir='ltr'>supraci-</span> 
     </span>
     <span class='ocr_line' id='line_1_11' title="bbox 389 846 2079 901; baseline 0.001 -10"><span class='ocrx_word' id='word_1_57' title='bbox 389 851 482 892; x_wconf 84' lang='lat' dir='ltr'>liari</span> <span class='ocrx_word' id='word_1_58' title='bbox 514 863 555 891; x_wconf 84' lang='lat' dir='ltr'>et</span> <span class='ocrx_word' id='word_1_59' title='bbox 584 852 692 892; x_wconf 88' lang='lat' dir='ltr'>infra</span> <span class='ocrx_word' id='word_1_60' title='bbox 722 852 880 893; x_wconf 85' lang='lat' dir='ltr'>oculari</span> <span class='ocrx_word' id='word_1_61' title='bbox 911 851 1090 891; x_wconf 84' lang='lat' dir='ltr'>cinerea.</span> <span class='ocrx_word' id='word_1_62' title='bbox 1158 850 1337 889; x_wconf 78' lang='lat' dir='ltr'><strong>Dorsum</strong></span> <span class='ocrx_word' id='word_1_63' title='bbox 1367 847 1630 901; x_wconf 80' lang='lat' dir='ltr'>nigrescens,</span> <span class='ocrx_word' id='word_1_64' title='bbox 1674 846 1783 887; x_wconf 85' lang='lat' dir='ltr'>striis</span> <span class='ocrx_word' id='word_1_65' title='bbox 1814 848 1959 889; x_wconf 86' lang='lat' dir='ltr'>lacteis</span> <span class='ocrx_word' id='word_1_66' title='bbox 1990 851 2079 892; x_wconf 90' lang='lat' dir='ltr'>lon-</span> 
     </span>
     <span class='ocr_line' id='line_1_12' title="bbox 388 924 2077 982; baseline 0.001 -16"><span class='ocrx_word' id='word_1_67' title='bbox 388 927 703 982; x_wconf 66' lang='lat' dir='ltr'>ghudinalibus,</span> <span class='ocrx_word' id='word_1_68' title='bbox 766 930 872 968; x_wconf 85' lang='lat' dir='ltr'>Alae</span> <span class='ocrx_word' id='word_1_69' title='bbox 903 926 1325 967; x_wconf 85' lang='lat' dir='ltr'>fusco-lutescentes.</span> <span class='ocrx_word' id='word_1_70' title='bbox 1387 924 1537 963; x_wconf 75' lang='lat' dir='ltr'>Venter</span> <span class='ocrx_word' id='word_1_71' title='bbox 1565 933 1784 963; x_wconf 76' lang='lat' dir='ltr'><strong>testaceus.</strong></span> <span class='ocrx_word' id='word_1_72' title='bbox 1851 924 2077 978; x_wconf 76' lang='lat' dir='ltr'>Abdomen,</span> 
     </span>
     <span class='ocr_line' id='line_1_13' title="bbox 387 998 2080 1059; baseline 0 -17"><span class='ocrx_word' id='word_1_73' title='bbox 387 1003 571 1050; x_wconf 87' lang='lat' dir='ltr'>femora,</span> <span class='ocrx_word' id='word_1_74' title='bbox 603 1009 852 1059; x_wconf 76' lang='lat' dir='ltr'>uropygium</span> <span class='ocrx_word' id='word_1_75' title='bbox 881 1004 1018 1051; x_wconf 86' lang='lat' dir='ltr'>fusca,</span> <span class='ocrx_word' id='word_1_76' title='bbox 1051 1000 1403 1042; x_wconf 84' lang='lat' dir='ltr'>albo-undulata.</span> <span class='ocrx_word' id='word_1_77' title='bbox 1462 998 1609 1038; x_wconf 82' lang='lat' dir='ltr'>Cauda</span> <span class='ocrx_word' id='word_1_78' title='bbox 1638 998 1908 1049; x_wconf 85' lang='lat' dir='ltr'>brevissima,</span> <span class='ocrx_word' id='word_1_79' title='bbox 1948 1013 2080 1053; x_wconf 83' lang='lat' dir='ltr'>acuta,</span> 
     </span>
     <span class='ocr_line' id='line_1_14' title="bbox 386 1074 2080 1134; baseline 0.001 -17"><span class='ocrx_word' id='word_1_80' title='bbox 386 1077 766 1119; x_wconf 78' lang='lat' dir='ltr'>fusco-luteseens.</span> <span class='ocrx_word' id='word_1_81' title='bbox 851 1080 979 1119; x_wconf 79' lang='lat' dir='ltr'>Pedes</span> <span class='ocrx_word' id='word_1_82' title='bbox 1022 1077 1299 1134; x_wconf 84' lang='lat' dir='ltr'>pallidissime</span> <span class='ocrx_word' id='word_1_83' title='bbox 1331 1074 1608 1126; x_wconf 81' lang='lat' dir='ltr'><strong>virescentes,</strong></span> <span class='ocrx_word' id='word_1_84' title='bbox 1654 1074 1798 1130; x_wconf 81' lang='lat' dir='ltr'>digitis</span> <span class='ocrx_word' id='word_1_85' title='bbox 1828 1076 2080 1133; x_wconf 79' lang='lat' dir='ltr'><strong>praelongis.</strong></span> 
     </span>
    </p>
   </div>
   <div class='ocr_carea' id='block_1_7' title="bbox 386 1152 958 1196">
    <p class='ocr_par' dir='ltr' id='par_1_7' title="bbox 386 1152 958 1196">
     <span class='ocr_line' id='line_1_15' title="bbox 386 1152 958 1196; baseline 0.002 -2"><span class='ocrx_word' id='word_1_86' title='bbox 386 1152 624 1194; x_wconf 86' lang='lat' dir='ltr'>Subsimilis</span> <span class='ocrx_word' id='word_1_87' title='bbox 653 1157 706 1195; x_wconf 88' lang='lat' dir='ltr'>R.</span> <span class='ocrx_word' id='word_1_88' title='bbox 737 1158 958 1196; x_wconf 86' lang='lat' dir='ltr'>Porzanae.</span> 
     </span>
    </p>
   </div>
   <div class='ocr_carea' id='block_1_8' title="bbox 865 1369 1596 1425">
    <p class='ocr_par' dir='ltr' id='par_1_8' title="bbox 865 1369 1596 1425">
     <span class='ocr_line' id='line_1_16' title="bbox 865 1369 1596 1425; baseline -0.005 -2"><span class='ocrx_word' id='word_1_89' title='bbox 865 1372 1037 1425; x_wconf 84' lang='lat' dir='ltr'>XLIII.</span> <span class='ocrx_word' id='word_1_90' title='bbox 1101 1369 1596 1423; x_wconf 85' lang='lat' dir='ltr'>FULICAE.</span> 
     </span>
    </p>
   </div>
   <div class='ocr_carea' id='block_1_9' title="bbox 1097 1505 1359 1519">
    <p class='ocr_par' dir='ltr' id='par_1_9' title="bbox 1097 1505 1359 1519">
     <span class='ocr_line' id='line_1_17' title="bbox 1097 1505 1359 1519; baseline 0 0"><span class='ocrx_word' id='word_1_91' title='bbox 1097 1505 1359 1519; x_wconf 95' lang='lat' dir='ltr'> </span> 
     </span>
    </p>
   </div>
   <div class='ocr_carea' id='block_1_10' title="bbox 381 1601 2072 1962">
    <p class='ocr_par' dir='ltr' id='par_1_10' title="bbox 381 1601 2072 1962">
     <span class='ocr_line' id='line_1_18' title="bbox 522 1601 2070 1660; baseline 0.001 -15"><span class='ocrx_word' id='word_1_92' title='bbox 522 1605 661 1645; x_wconf 90' lang='lat' dir='ltr'>Genus</span> <span class='ocrx_word' id='word_1_93' title='bbox 691 1603 928 1645; x_wconf 85' lang='lat' dir='ltr'>Fulicarum</span> <span class='ocrx_word' id='word_1_94' title='bbox 945 1634 955 1654; x_wconf 95' lang='lat'>,</span> <span class='ocrx_word' id='word_1_95' title='bbox 986 1603 1231 1660; x_wconf 83' lang='lat' dir='ltr'>praesertim</span> <span class='ocrx_word' id='word_1_96' title='bbox 1262 1603 1448 1660; x_wconf 89' lang='lat' dir='ltr'>species,</span> <span class='ocrx_word' id='word_1_97' title='bbox 1476 1601 1626 1659; x_wconf 86' lang='lat' dir='ltr'>quibus</span> <span class='ocrx_word' id='word_1_98' title='bbox 1656 1603 1786 1659; x_wconf 90' lang='lat' dir='ltr'>pedes</span> <span class='ocrx_word' id='word_1_99' title='bbox 1813 1618 1896 1645; x_wconf 89' lang='lat' dir='ltr'>non</span> <span class='ocrx_word' id='word_1_100' title='bbox 1924 1605 2070 1658; x_wconf 59' lang='lat' dir='ltr'>lobeni,</span> 
     </span>
     <span class='ocr_line' id='line_1_19' title="bbox 388 1679 2072 1737; baseline 0.001 -17"><span class='ocrx_word' id='word_1_101' title='bbox 388 1679 460 1720; x_wconf 84' lang='lat' dir='ltr'>vix</span> <span class='ocrx_word' id='word_1_102' title='bbox 487 1681 576 1720; x_wconf 86' lang='lat' dir='ltr'>ullo</span> <span class='ocrx_word' id='word_1_103' title='bbox 605 1679 847 1721; x_wconf 82' lang='lat' dir='ltr'><strong>charactere</strong></span> <span class='ocrx_word' id='word_1_104' title='bbox 877 1696 899 1720; x_wconf 91' lang='lat' dir='ltr'>a</span> <span class='ocrx_word' id='word_1_105' title='bbox 928 1680 1062 1721; x_wconf 87' lang='lat' dir='ltr'>Rallis</span> <span class='ocrx_word' id='word_1_106' title='bbox 1093 1679 1295 1736; x_wconf 84' lang='lat' dir='ltr'>distingui</span> <span class='ocrx_word' id='word_1_107' title='bbox 1324 1691 1476 1736; x_wconf 84' lang='lat' dir='ltr'>potest.</span> <span class='ocrx_word' id='word_1_108' title='bbox 1547 1683 1640 1720; x_wconf 92' lang='lat' dir='ltr'>Nec</span> <span class='ocrx_word' id='word_1_109' title='bbox 1680 1691 1823 1720; x_wconf 88' lang='lat' dir='ltr'>tamen</span> <span class='ocrx_word' id='word_1_110' title='bbox 1852 1680 2072 1737; x_wconf 90' lang='lat' dir='ltr'>lobipedes</span> 
     </span>
     <span class='ocr_line' id='line_1_20' title="bbox 385 1755 2070 1813; baseline 0.001 -16"><span class='ocrx_word' id='word_1_111' title='bbox 385 1772 409 1797; x_wconf 85' lang='lat' dir='ltr'>a</span> <span class='ocrx_word' id='word_1_112' title='bbox 438 1755 728 1812; x_wconf 87' lang='lat' dir='ltr'>Porphyrione</span> <span class='ocrx_word' id='word_1_113' title='bbox 758 1756 938 1813; x_wconf 85' lang='lat' dir='ltr'>separari</span> <span class='ocrx_word' id='word_1_114' title='bbox 965 1768 1159 1813; x_wconf 85' lang='lat' dir='ltr'><strong>possunt,</strong></span> <span class='ocrx_word' id='word_1_115' title='bbox 1193 1771 1318 1811; x_wconf 91' lang='lat' dir='ltr'>quem</span> <span class='ocrx_word' id='word_1_116' title='bbox 1349 1756 1541 1797; x_wconf 85' lang='lat' dir='ltr'>calvities</span> <span class='ocrx_word' id='word_1_117' title='bbox 1570 1755 1730 1806; x_wconf 86' lang='lat' dir='ltr'>frontis,</span> <span class='ocrx_word' id='word_1_118' title='bbox 1761 1767 1802 1797; x_wconf 89' lang='lat' dir='ltr'>et</span> <span class='ocrx_word' id='word_1_119' title='bbox 1816 1757 1936 1797; x_wconf 87' lang='lat' dir='ltr'>rostri</span> <span class='ocrx_word' id='word_1_120' title='bbox 1966 1773 2070 1798; x_wconf 87' lang='lat' dir='ltr'>cras·</span> 
     </span>
     <span class='ocr_line' id='line_1_21' title="bbox 383 1831 2069 1888; baseline 0.001 -14"><span class='ocrx_word' id='word_1_121' title='bbox 383 1831 504 1874; x_wconf 89' lang='lat' dir='ltr'>sities</span> <span class='ocrx_word' id='word_1_122' title='bbox 535 1847 557 1871; x_wconf 85' lang='lat' dir='ltr'>a</span> <span class='ocrx_word' id='word_1_123' title='bbox 587 1832 722 1873; x_wconf 87' lang='lat' dir='ltr'>Rallis</span> <span class='ocrx_word' id='word_1_124' title='bbox 752 1832 936 1873; x_wconf 88' lang='lat' dir='ltr'>alienum</span> <span class='ocrx_word' id='word_1_125' title='bbox 966 1844 1009 1874; x_wconf 94' lang='lat' dir='ltr'>et</span> <span class='ocrx_word' id='word_1_126' title='bbox 1039 1833 1206 1873; x_wconf 85' lang='lat' dir='ltr'>affinem</span> <span class='ocrx_word' id='word_1_127' title='bbox 1236 1832 1367 1887; x_wconf 84' lang='lat' dir='ltr'>magis</span> <span class='ocrx_word' id='word_1_128' title='bbox 1395 1831 1551 1872; x_wconf 88' lang='lat' dir='ltr'>Fulicis</span> <span class='ocrx_word' id='word_1_129' title='bbox 1578 1831 1728 1872; x_wconf 87' lang='lat' dir='ltr'>reddit.</span> <span class='ocrx_word' id='word_1_130' title='bbox 1815 1831 1941 1872; x_wconf 90' lang='lat' dir='ltr'>Nihil</span> <span class='ocrx_word' id='word_1_131' title='bbox 1970 1848 2069 1888; x_wconf 90' lang='lat' dir='ltr'>ergo</span> 
     </span>
     <span class='ocr_line' id='line_1_22' title="bbox 381 1906 2068 1962; baseline 0.002 -15"><span class='ocrx_word' id='word_1_132' title='bbox 381 1906 427 1948; x_wconf 85' lang='lat' dir='ltr'>in</span> <span class='ocrx_word' id='word_1_133' title='bbox 457 1906 524 1947; x_wconf 87' lang='lat' dir='ltr'>his</span> <span class='ocrx_word' id='word_1_134' title='bbox 553 1907 744 1948; x_wconf 84' lang='lat' dir='ltr'>innovasi</span> <span class='ocrx_word' id='word_1_135' title='bbox 775 1910 927 1950; x_wconf 90' lang='lat' dir='ltr'>debere</span> <span class='ocrx_word' id='word_1_136' title='bbox 958 1920 1139 1949; x_wconf 83' lang='lat' dir='ltr'><strong>autumo.</strong></span> <span class='ocrx_word' id='word_1_137' title='bbox 1209 1908 1386 1948; x_wconf 70' lang='lat' dir='ltr'>Pedibus</span> <span class='ocrx_word' id='word_1_138' title='bbox 1414 1908 1564 1949; x_wconf 80' lang='lat' dir='ltr'>Iobatis</span> <span class='ocrx_word' id='word_1_139' title='bbox 1599 1907 1770 1948; x_wconf 83' lang='lat' dir='ltr'>Fulicae</span> <span class='ocrx_word' id='word_1_140' title='bbox 1799 1907 2068 1962; x_wconf 86' lang='lat' dir='ltr'>aliquomodo</span> 
     </span>
    </p>
   </div>
   <div class='ocr_carea' id='block_1_11' title="bbox 381 1982 2066 2117">
    <p class='ocr_par' dir='ltr' id='par_1_11' title="bbox 381 1982 2066 2117">
     <span class='ocr_line' id='line_1_23' title="bbox 382 1982 2066 2039; baseline 0.002 -16"><span class='ocrx_word' id='word_1_141' title='bbox 382 1984 434 2023; x_wconf 85' lang='lat' dir='ltr'>ad</span> <span class='ocrx_word' id='word_1_142' title='bbox 465 1984 682 2037; x_wconf 85' lang='lat' dir='ltr'>colymbos</span> <span class='ocrx_word' id='word_1_143' title='bbox 710 1984 931 2024; x_wconf 81' lang='lat' dir='ltr'>transitum</span> <span class='ocrx_word' id='word_1_144' title='bbox 960 1984 1170 2033; x_wconf 86' lang='lat' dir='ltr'>efficiunt,</span> <span class='ocrx_word' id='word_1_145' title='bbox 1202 1995 1248 2023; x_wconf 88' lang='lat' dir='ltr'>ut</span> <span class='ocrx_word' id='word_1_146' title='bbox 1280 1984 1529 2039; x_wconf 82' lang='lat' dir='ltr'>Phalaropi;</span> <span class='ocrx_word' id='word_1_147' title='bbox 1572 1994 1614 2023; x_wconf 86' lang='lat' dir='ltr'>et</span> <span class='ocrx_word' id='word_1_148' title='bbox 1642 1982 1770 2034; x_wconf 90' lang='lat' dir='ltr'>item,</span> <span class='ocrx_word' id='word_1_149' title='bbox 1814 1995 1860 2024; x_wconf 90' lang='lat' dir='ltr'>ut</span> <span class='ocrx_word' id='word_1_150' title='bbox 1890 1985 1941 2025; x_wconf 89' lang='lat' dir='ltr'>ad</span> <span class='ocrx_word' id='word_1_151' title='bbox 1980 1985 2066 2026; x_wconf 84' lang='lat' dir='ltr'>Pal-</span> 
     </span>
     <span class='ocr_line' id='line_1_24' title="bbox 381 2058 2065 2117; baseline 0.001 -17"><span class='ocrx_word' id='word_1_152' title='bbox 381 2058 572 2114; x_wconf 86' lang='lat' dir='ltr'>mipedes</span> <span class='ocrx_word' id='word_1_153' title='bbox 605 2061 923 2101; x_wconf 80' lang='lat' dir='ltr'>Recurvirostra.</span> <span class='ocrx_word' id='word_1_154' title='bbox 981 2062 1136 2100; x_wconf 84' lang='lat' dir='ltr'>Forsan</span> <span class='ocrx_word' id='word_1_155' title='bbox 1166 2058 1269 2100; x_wconf 82' lang='lat' dir='ltr'>istae</span> <span class='ocrx_word' id='word_1_156' title='bbox 1299 2058 1544 2116; x_wconf 84' lang='lat' dir='ltr'>lobipedes,</span> <span class='ocrx_word' id='word_1_157' title='bbox 1578 2060 1683 2100; x_wconf 87' lang='lat' dir='ltr'>duce</span> <span class='ocrx_word' id='word_1_158' title='bbox 1712 2061 1967 2103; x_wconf 82' lang='lat' dir='ltr'>Pennanto</span> <span class='ocrx_word' id='word_1_159' title='bbox 1996 2075 2065 2117; x_wconf 89' lang='lat' dir='ltr'>ge-</span> 
     </span>
    </p>
   </div>
   <div class='ocr_carea' id='block_1_12' title="bbox 380 2134 843 2190">
    <p class='ocr_par' dir='ltr' id='par_1_12' title="bbox 380 2134 843 2190">
     <span class='ocr_line' id='line_1_25' title="bbox 380 2134 843 2190; baseline 0 -15"><span class='ocrx_word' id='word_1_160' title='bbox 380 2149 479 2176; x_wconf 85' lang='lat' dir='ltr'><strong>nere</strong></span> <span class='ocrx_word' id='word_1_161' title='bbox 509 2134 843 2190; x_wconf 82' lang='lat' dir='ltr'>distinguendae.</span> 
     </span>
    </p>
   </div>
   <div class='ocr_carea' id='block_1_13' title="bbox 754 2258 1689 2320">
    <p class='ocr_par' dir='ltr' id='par_1_13' title="bbox 754 2258 1689 2320">
     <span class='ocr_line' id='line_1_26' title="bbox 754 2258 1689 2320; baseline 0.003 -17"><span class='ocrx_word' id='word_1_162' title='bbox 754 2267 868 2317; x_wconf 81' lang='lat'>274.</span> <span class='ocrx_word' id='word_1_163' title='bbox 960 2261 996 2303; x_wconf 88' lang='lat' dir='ltr'>F</span> <span class='ocrx_word' id='word_1_164' title='bbox 1015 2261 1056 2304; x_wconf 91' lang='lat' dir='ltr'><strong>U</strong></span> <span class='ocrx_word' id='word_1_165' title='bbox 1075 2260 1147 2304; x_wconf 89' lang='lat' dir='ltr'>LI</span> <span class='ocrx_word' id='word_1_166' title='bbox 1169 2258 1208 2304; x_wconf 94' lang='lat' dir='ltr'>C</span> <span class='ocrx_word' id='word_1_167' title='bbox 1230 2261 1270 2303; x_wconf 88' lang='lat' dir='ltr'><strong>A</strong></span> <span class='ocrx_word' id='word_1_168' title='bbox 1364 2262 1689 2320; x_wconf 77' lang='lat' dir='ltr'>Porplzyrio.</span> 
     </span>
    </p>
   </div>
   <div class='ocr_carea' id='block_1_14' title="bbox 377 2364 2060 2484">
    <p class='ocr_par' dir='ltr' id='par_1_14' title="bbox 377 2364 2060 2484">
     <span class='ocr_line' id='line_1_27' title="bbox 519 2364 2060 2424; baseline 0.003 -22"><span class='ocrx_word' id='word_1_169' title='bbox 519 2365 566 2402; x_wconf 84' lang='lat' dir='ltr'>F.</span> <span class='ocrx_word' id='word_1_170' title='bbox 596 2375 728 2406; x_wconf 83' lang='lat' dir='ltr'>rostro</span> <span class='ocrx_word' id='word_1_171' title='bbox 759 2364 928 2404; x_wconf 86' lang='lat' dir='ltr'>frontali</span> <span class='ocrx_word' id='word_1_172' title='bbox 962 2364 1223 2422; x_wconf 87' lang='lat' dir='ltr'>pedibusque</span> <span class='ocrx_word' id='word_1_173' title='bbox 1253 2365 1410 2418; x_wconf 83' lang='lat' dir='ltr'>rubris,</span> <span class='ocrx_word' id='word_1_174' title='bbox 1442 2366 1587 2424; x_wconf 84' lang='lat' dir='ltr'>digitis</span> <span class='ocrx_word' id='word_1_175' title='bbox 1615 2365 1888 2424; x_wconf 86' lang='lat' dir='ltr'>simplicibus,</span> <span class='ocrx_word' id='word_1_176' title='bbox 1919 2380 2060 2422; x_wconf 86' lang='lat' dir='ltr'>corpo-</span> 
     </span>
     <span class='ocr_line' id='line_1_28' title="bbox 377 2438 945 2484; baseline 0.005 -4"><span class='ocrx_word' id='word_1_177' title='bbox 377 2446 422 2480; x_wconf 77' lang='lat' dir='ltr'>te</span> <span class='ocrx_word' id='word_1_178' title='bbox 451 2450 502 2479; x_wconf 89' lang='lat' dir='ltr'>co</span> <span class='ocrx_word' id='word_1_179' title='bbox 515 2438 656 2482; x_wconf 85' lang='lat' dir='ltr'>eruleo</span> <span class='ocrx_word' id='word_1_180' title='bbox 667 2464 679 2472; x_wconf 95' lang='lat'><em>-</em></span> <span class='ocrx_word' id='word_1_181' title='bbox 692 2440 945 2484; x_wconf 84' lang='lat' dir='ltr'>virescente.</span> 
     </span>
    </p>
   </div>
  </div>
 </body>
</html>
