2175 2931
884 187 1027 211 m
1699 185 1785 227 359

649 284 819 336 LXVI.
891 285 935 334 A
972 285 1014 335 L
1049 285 1090 335 C
1125 286 1169 336 A
1206 285 1258 335 E.

240 516 436 555 Arearum
465 513 674 569 quondam
704 513 828 554 unico
859 527 1009 568 genere
1040 524 1082 552 et
1112 513 1162 552 ab
1199 513 1262 553 Ill.
1309 513 1537 556 Limnaeo
1591 527 1632 556 et
1664 531 1686 556 a
1715 531 1783 558 me

100 587 192 644 ipso
223 591 379 645 (Spicil.
411 591 527 631 Zool.
558 591 676 629 Fasc.
709 591 780 642 V.)
813 587 1156 640 comprehensam
1186 588 1410 638 familiam,
1453 590 1607 630 arctico
1636 593 1786 648 pelago

98 664 341 718 praesertim
373 664 603 722 propriam,
650 664 786 704 sentio
814 678 924 703 nunc
956 663 1090 718 aptius
1121 679 1215 704 cum
1243 665 1471 717 Moeringio
1504 678 1546 706 et
1575 668 1783 708 Brissonio

99 738 142 779 in
171 739 251 779 tria
279 739 389 779 inter
418 755 459 779 se
490 740 649 787 affinia,
706 738 938 794 habituque
976 749 1018 778 et
1062 738 1245 778 moribus
1275 740 1399 778 valde
1432 740 1604 794 quidem
1633 757 1782 783 conve-

98 814 257 854 nientia
288 829 439 869 genera
468 830 587 870 posse
618 814 856 871 dispertiri3
896 814 1045 868 quibus
1074 814 1246 854 nomina
1278 815 1402 855 Uriae
1432 817 1481 866 (a
1510 818 1782 859 Brissonz'o

99 890 393 945 adplicatum),
426 894 555 931 Aleae
585 890 825 946 specialiter
854 889 991 930 dictae
1021 900 1064 929 et
1094 893 1215 943 (cum
1245 891 1489 944 Gesner-o)
1518 894 1683 933 Lundae
1714 895 1782 934 ad-

96 965 302 1022 propriari
331 981 450 1021 posse
479 978 602 1022 puto,
649 966 797 1021 quibus
829 965 956 1005 etiam
986 964 1059 1006 hic
1091 977 1194 1005 utar.
1269 965 1456 1006 Omnino
1483 967 1706 1021 peculiaris
1737 981 1779 1009 et

95 1040 138 1080 in
181 1040 296 1081 omni
335 1041 473 1081 avium
519 1053 642 1083 coetu
687 1042 822 1082 aliena
865 1043 991 1096 figura
1036 1041 1178 1090 rostri,
1242 1056 1366 1096 quam
1416 1043 1559 1082 Lunda
1602 1049 1779 1094 arctim,

95 1118 402 1172 (Moeringio
435 1117 672 1167 Coeniscus,
704 1120 970 1158 Brissonio
1001 1117 1240 1156 Fratercula
1277 1116 1407 1169 dicta)
1440 1132 1536 1157 cum
1573 1119 1781 1174 descripta

94 1208 117 1232 a
148 1207 215 1232 me
246 1193 428 1247 primum
457 1194 600 1235 Lunda
631 1196 808 1233 etv-rhata
847 1203 995 1233 exacte
1036 1207 1302 1233 communem
1339 1191 1493 1241 habet,
1538 1193 1635 1233 satis
1665 1209 1780 1234 accu-

93 1279 179 1308 rate
221 1267 303 1308 hoc
346 1284 473 1323 genus
518 1268 833 1309 circumscribit.
909 1268 1127 1309 Proximae
1171 1267 1238 1308 his
1269 1280 1362 1308 sunt
1390 1283 1510 1308 verae
1538 1271 1691 1318 Aleae,
1739 1281 1780 1311 et

94 1344 276 1398 aliquam
320 1343 491 1398 quidem
534 1344 855 1384 similitudinem
899 1359 974 1399 per
1015 1345 1149 1384 sulcos
1180 1343 1301 1384 rostri
1338 1343 1549 1393 indicant,
1591 1347 1665 1385 secl
1692 1357 1781 1386 tota

91 1419 417 1460 circumcaesura
448 1431 490 1460 et
518 1419 789 1474 proportione
819 1420 940 1459 rostri
970 1418 1068 1458 satis
1097 1418 1310 1458 differunt.
1388 1419 1579 1459 Tertium
1606 1422 1776 1461 tandem

94 1510 241 1549 genus,
277 1496 399 1535 Uriae
430 1495 479 1534 ab
511 1505 684 1548 utroque
714 1493 913 1548 priorum,
943 1494 1075 1533 forma
1105 1493 1227 1531 rostri
1256 1494 1342 1530 fere
1372 1494 1590 1545 tetraonia,
1623 1495 1775 1536 discre-

93 1581 194 1625 pant
225 1581 266 1610 et
297 1569 422 1609 variis
451 1569 561 1609 circa
591 1578 714 1623 caput
744 1567 998 1608 ornamentis
1027 1566 1255 1621 plumaceis
1288 1579 1417 1620 aeque
1454 1567 1499 1606 in
1538 1570 1777 1624 propiorem

94 1645 498 1700 consanguinitatem
529 1652 681 1685 coeunt
710 1655 751 1683 et
782 1643 879 1683 satis
918 1642 1091 1683 disserte
1121 1655 1248 1695 genus
1279 1640 1550 1682 constituunt.

233 1723 389 1762 Omnes
415 1720 563 1761 horum
582 1720 707 1760 trium
739 1734 956 1774 generum,
989 1718 1058 1758 vel
1087 1716 1121 1757 si
1149 1716 1280 1756 mavis
1308 1715 1584 1772 phalangum,
1616 1720 1776 1775 species

93 1809 187 1838 sunt
228 1797 475 1838 urinatrices
518 1795 701 1836 marinae
745 1806 787 1834 et
824 1796 897 1835 sub
927 1793 1078 1850 frigida
1108 1803 1221 1833 arcto
1252 1791 1424 1841 vivunt;
1481 1808 1624 1835 omnes
1653 1797 1774 1850 pedes

91 1872 251 1914 habent
292 1888 401 1928 pone
445 1871 739 1927 aequilibrium
780 1871 956 1926 positos,
999 1868 1165 1925 ingredi
1208 1867 1295 1909 sine
1338 1868 1494 1909 alarum
1534 1871 1773 1924 adjumento

92 1948 275 1997 nescios,
307 1948 573 2002 tridactylos,
606 1948 810 2003 palmatos
840 1947 930 1994 vel,
971 1957 1017 1986 ut
1044 1960 1140 1985 cum
1171 1945 1374 1984 Kleinio
1402 1944 1567 2000 loquar,
1610 1945 1770 2001 plotos;

94 2024 286 2064 omnibus
316 2027 406 2064 alae
436 2035 528 2063 sunt
556 2038 632 2079 pro
663 2022 847 2078 corporis
877 2021 1070 2079 portione
1100 2021 1294 2076 parvulae
1326 2030 1367 2058 et
1406 2020 1539 2060 cauda
1577 2022 1770 2062 brevissi-

94 2116 190 2147 111113
233 2104 343 2140 color
372 2110 510 2139 autem
542 2098 734 2138 omnibus
762 2114 881 2154 supra
911 2096 1043 2152 niger.
1101 2097 1259 2137 Omnes
1287 2094 1528 2135 nidulantur
1555 2095 1600 2135 in
1630 2111 1769 2137 caver-

93 2176 157 2216 nis
188 2187 230 2215 et
260 2174 407 2215 fissuris
437 2175 699 2229 scopulorum
729 2175 816 2214 fere
847 2173 933 2213 sine
962 2173 1049 2213 ullo
1079 2183 1228 2221 strato,
1270 2181 1311 2210 et
1343 2186 1462 2211 ovum
1490 2170 1656 2226 pariunt
1685 2182 1770 2211 tan-

95 2252 311 2291 tummodo
342 2266 489 2296 unum,
520 2251 591 2289 sed
620 2265 695 2305 pro
726 2250 836 2289 mole
868 2247 954 2288 avis
984 2247 1225 2288 maximum.
1282 2245 1443 2286 Vivant
1473 2261 1617 2286 omnes
1646 2258 1767 2287 testa-

96 2326 182 2367 ceis
213 2327 278 2366 vel
310 2324 543 2373 molluscis,
585 2328 695 2366 unde
727 2340 868 2366 carnes
899 2339 981 2364 non
1011 2323 1298 2379 pisculentae5
1327 2322 1397 2362 sed
1429 2326 1545 2378 pellis
1574 2322 1767 2364 omnibus

93 2412 219 2443 tenax
249 2414 292 2443 et
320 2403 455 2453 firma,
495 2417 547 2443 ne
575 2401 685 2442 inter
713 2417 810 2442 saxa
839 2399 1095 2442 versantibus
1128 2399 1376 2441 vulneretur.
