2175 2931
134 308 251 352 Cutis
266 306 538 363 sublingualis
551 322 655 357 non,
687 307 797 348 utin
820 306 967 363 majori
982 306 1194 361 Urogrfflo,
1224 305 1386 346 villosa.
1444 304 1586 345 Russis
1615 307 1812 346 Kamenoi

132 388 309 426 Gluchar
338 384 574 439 (Urogallus
590 385 805 439 rupestris)
837 395 1019 425 vocatur.
1074 384 1299 426 Caeterum
1315 381 1478 423 similis.
1524 380 1638 422 Mihi
1654 380 1810 436 magui-

133 462 235 503 tudo
265 476 342 518 pro
372 471 507 501 aetate
538 459 695 500 variare
727 459 815 500 visa
843 472 918 500 est.

659 592 1274 632 OBSERVATIO.

271 691 525 730 Stellerus
557 688 774 729 adnotavit
811 688 855 728 in
888 688 1150 738 adversariis,
1195 688 1286 729 dari
1314 687 1424 729 circa
1456 688 1540 728 Uth
1570 685 1742 728 fluvium
1772 684 1817 728 in

133 766 347 807 Oceanum
378 764 626 805 orientalem
655 764 919 813 influentem,
957 765 1169 804 Tetraonis
1188 765 1371 820 speciem
1404 764 1673 820 peculiarem,
1736 776 1823 802 mo·

133 839 247 881 ribus
276 840 438 880 Tetrici
468 840 668 890 similem,
701 840 867 881 Abietis
896 840 1132 881 turionibns
1162 840 1447 888 victitantem,
1477 855 1580 895 quae
1613 837 1819 895 gregatim

136 916 349 956 arboribus
377 915 559 957 insideat
589 928 711 972 atque
742 918 847 957 adeo
878 917 930 958 sit
959 917 1143 972 stupida,
1175 927 1220 955 ut
1250 917 1399 971 laqueo
1430 931 1452 956 e
1483 916 1598 970 virga
1623 927 1819 969 suspenso

136 1002 178 1031 et
207 992 316 1032 collo
344 992 514 1046 injecto,
545 992 579 1032 si
609 1008 735 1033 unum
765 992 1017 1041 detraxeris,
1051 1008 1133 1033 non
1163 993 1332 1033 avolent
1360 991 1477 1032 socii.
1538 991 1679 1032 Rosssss
1708 993 1822 1029 Iacu-

136 1067 321 1107 tensibus
364 1079 406 1107 et
450 1068 685 1109 Udensibus
716 1071 789 1109 sub
830 1067 1001 1108 nomine
1045 1070 1280 1108 Dchuschka
1323 1068 1413 1109 noti
1443 1079 1556 1116 sunt,
1617 1083 1637 1107 a
1670 1064 1822 1105 Iacutis

142 1143 667 1198 Tschaangi-Kurtuyaga
700 1143 933 1198 (tUrogalli
963 1152 1215 1198 rupestresz)
1261 1144 1536 1198 appellantur.
1595 1145 1713 1181 Hunc
1746 1138 1822 1179 mi-

135 1214 204 1266 hi,
235 1217 336 1258 licet
367 1221 462 1257 data
493 1234 638 1273 opera,
680 1220 865 1258 nondum
895 1218 1002 1258 mihi
1033 1233 1253 1273 procurare
1284 1218 1431 1274 potui;
1476 1217 1652 1258 seriores
1682 1217 1822 1256 obser-

137 1303 298 1332 vatores
330 1304 479 1332 manet.
539 1296 655 1347 Quae
687 1296 739 1334 de
770 1292 845 1332 illo
876 1293 1029 1340 refero,
1063 1293 1258 1333 videntur
1288 1293 1332 1332 in
1367 1294 1608 1333 Tetraonem
1623 1291 1824 1331 canaden-

135 1383 219 1408 sem
248 1369 448 1423 quadrare
479 1371 639 1423 (:C0nf.
671 1364 874 1410 Farscer
913 1367 957 1407 in
987 1366 1081 1408 Ac't.
1112 1372 1223 1422 angl.
1256 1371 1335 1408 vol.
1370 1369 1498 1408 LXII.
1532 1384 1570 1422 p.
1604 1373 1695 1418 389.
1754 1368 1825 1406 An

137 1458 232 1484 cum
266 1444 465 1498 Urogallo
495 1450 646 1486 minore
673 1447 722 1484 M
728 1446 951 1485 essersclz
963 1461 1015 1484 m.
1064 1459 1191 1499 quem
1220 1444 1254 1485 is
1286 1445 1337 1485 ad
1365 1443 1610 1484 inferiorem
1637 1445 1824 1497 Tungus-

137 1519 240 1559 kam
267 1520 511 1575 praesertim
541 1520 800 1571 observavit,
834 1521 939 1561 forte
968 1521 1117 1563 idem?

354 1657 470 1701 219.
561 1644 910 1690 TETRAO
1003 1648 1212 1691 Τρωίας.
1304 1647 1435 1691 ΤΑΒ.
1517 1646 1613 1692 LII.

278 1749 329 1788 T.
359 1747 477 1788 tibiis
511 1746 704 1798 hirsutis,
738 1751 868 1789 cauda
898 1749 1056 1790 bifurca
1087 1751 1254 1805 (mari),
1284 1750 1530 1791 rectricibus
1560 1749 1704 1804 nigris·

360 1825 515 1864 Tetrao
545 1838 618 1864 seu
660 1826 880 1880 Urogallus
910 1838 952 1866 et
994 1826 1212 1881 Grygallus
1243 1825 1399 1873 minor,
1429 1838 1667 1872 auctorum,
1727 1824 1825 1865 Wil-

419 1901 559 1955 Zughb.
573 1915 657 1941 orn.
673 1918 710 1956 p.
732 1911 817 1955 174·
835 1903 917 1943 tab.
935 1910 998 1944 31.
1022 1905 1111 1959 Raj.
1126 1919 1216 1956 syn.
1234 1919 1295 1943 av.
1313 1919 1352 1958 p.
1369 1909 1434 1943 53.
1450 1918 1488 1942 η.
1506 1919 1542 1942 2.
1558 1902 1695 1942 Albin.
1710 1917 1774 1941 av.
1791 1902 1826 1942 I.

417 1977 500 2016 tab.
520 1993 583 2016 21.
613 1978 766 2018 Frisclz.
783 1995 847 2019 av.
865 1979 949 2019 tab.
972 1996 1059 2030 109.
1077 1995 1162 2019 mas
1180 1987 1217 2020 6.
1234 1978 1431 2020 foemina.
1463 1982 1575 2019 Zool.
1593 1978 1684 2018 brit.
1702 1994 1740 2033 p.
1760 1983 1827 2018 85.

418 2052 502 2092 tab.
532 2053 591 2092 M.
630 2071 661 2093 1.
694 2057 803 2101 Mas,
834 2056 920 2095 M2.
952 2055 1148 2096 foemina.
1194 2057 1383 2096 Latlzam.
1412 2070 1504 2109 syn.
1536 2054 1607 2093 IV.
1637 2070 1674 2109 p.
1707 2060 1799 2106 733.

362 2129 552 2182 Lagopus
582 2130 801 2184 Urogallus
831 2131 985 2180 minor,
1017 2133 1195 2172 Brisson.
1227 2148 1309 2172 orn.
1342 2133 1374 2171 I.
1404 2146 1443 2184 p.
1482 2136 1567 2171 186.
1598 2145 1658 2184 sp.
1693 2146 1730 2170 2.

365 2204 518 2241 Tetrao
547 2204 716 2253 Tetrix‚
748 2208 837 2245 Lin.
866 2216 969 2259 syst.
999 2208 1090 2245 XII.
1123 2209 1156 2245 I.
1186 2224 1225 2262 p.
1263 2214 1349 2247 186.
1379 2222 1440 2261 sp.
1474 2223 1510 2246 2.

362 2280 506 2318 Tetras
536 2279 690 2329 minor,
722 2282 881 2334 Busfon.
914 2280 1003 2321 ονη.
1028 2284 1081 2321 Π.
1111 2298 1152 2337 p.
1182 2299 1274 2322 210.
1305 2282 1388 2322 tab.
1422 2288 1459 2322 6.
1489 2281 1704 2321 D'aube‘nt.
1726 2284 1827 2337 pict.

418 2371 455 2395 η.
493 2373 579 2407 172.
610 2358 700 2395 Mas
737 2363 822 2409 173.
853 2356 1048 2398 foemina.

250 2429 394 2473 Rossis
425 2431 624 2474 Teterew:
662 2435 755 2475 Mas
781 2435 912 2478 Kosez
943 2439 969 2490 g:
984 2434 1157 2476 falcator
1171 2438 1224 2491 s),
1255 2432 1485 2481 Kosatsch5
1532 2431 1719 2474 foemina
1747 2434 1827 2487 Pq-

1371 2518 1392 2539 Ὀ
