2175 2931
407 195 496 236 216
1175 201 1320 226 ====

512 307 747 350 Calmuccis
786 305 976 346 Sure’zurh.

544 388 590 425 In
623 382 769 424 Bossia
800 378 1084 437 frequentius,
1116 378 1160 419 in
1192 377 1345 419 Sibiria
1378 378 1506 420 rarius
1536 379 1730 430 occurrit,
1762 379 1806 420 in
1837 394 1988 435 genere
2019 381 2091 422 mi-

405 478 479 503 nus
510 460 701 516 copiosus
732 459 1040 515 praecedente,
1070 467 1112 496 et
1140 454 1298 496 tardius
1329 457 1575 507 adventans,
1607 458 1717 497 unde
1749 457 1914 498 videtur
1944 470 2092 499 austra-

403 537 527 578 liores
558 535 750 591 regiones
786 535 1016 591 praeferre,
1049 547 1185 589 neque
1216 534 1388 574 boream
1424 545 1579 590 petere.
1651 533 1800 574 Saltim
1841 533 1886 574 in
1929 534 2093 576 arcticis

405 612 585 653 Sibiriae
615 611 750 668 plagis
779 611 1007 668 ignoratur.
1079 610 1302 653 Caeterum
1346 625 1481 651 mores
1523 621 1566 651 et
1608 610 1719 651 vitae
1763 625 1891 666 genus
1921 610 2092 653 omnino

399 689 553 731 Oloris.

535 766 646 806 Not.
705 764 863 806 Mirum
893 764 937 805 in
968 776 1054 804 tam
1084 763 1194 805 tritis
1225 762 1459 804 hodienum
1489 763 1677 805 laborare
1693 763 1937 820 Zoologiam
1969 776 2010 805 et
2040 766 2091 806 de

397 841 534 898 Cygni
564 841 704 898 specie
736 840 898 898 duplici
928 856 1132 897 europaea
1163 840 1234 881 diu
1263 840 1498 881 dubitatum
1518 839 1652 880 fuisse.
1712 843 1884 895 Cygnus
1912 857 2092 882 mansue-

397 929 461 959 tus
491 918 627 959 dictus
659 933 727 958 seu
758 919 926 968 sibilus,
974 932 1057 958 non
1099 917 1235 958 minus
1266 927 1515 972 spontaneus
1557 915 1687 964 vivit,
1737 931 1814 956 nec
1846 917 2089 972 quisquam,

396 993 469 1049 qui
499 995 566 1034 vel
597 995 758 1035 eminus
788 1005 1001 1034 natantem
1030 994 1152 1034 illum
1183 1008 1278 1034 cum
1309 992 1431 1033 Olore
1477 992 1803 1047 comparaverit,
1847 992 1970 1033 illum
2014 1009 2090 1049 pro

397 1069 601 1110 varietate
634 1070 822 1111 habebit.
885 1072 1030 1111 Olores
1062 1069 1266 1110 maximos
1297 1079 1474 1124 aequat;
1521 1078 1635 1108 natat
1666 1067 1950 1124 pulcherrime
1980 1072 2092 1111 flexo

398 1145 461 1197 (in
487 1145 740 1200 sigmoidem
771 1147 963 1199 formam)
994 1147 1124 1195 collo,
1157 1156 1330 1185 nutante
1360 1143 1497 1200 capite
1532 1144 1650 1200 quasi
1666 1146 1932 1201 superbiens3
1964 1162 2092 1202 quum

395 1233 539 1262 contra
572 1222 674 1263 Olor
702 1222 814 1263 collo
845 1234 984 1273 recto,
1018 1234 1143 1279 caput
1173 1223 1224 1262 acl
1256 1222 1453 1276 angulum
1484 1232 1643 1262 rectum
1674 1220 1934 1263 horizontale
1972 1223 2089 1264 susti-

396 1309 507 1338 neat.
566 1301 738 1352 Cygnus
768 1299 937 1339 sibilum
969 1315 1044 1354 pro
1074 1314 1170 1339 voce
1201 1297 1301 1338 edit.
1378 1298 1561 1337 Trachea
1601 1297 1669 1337 illi
1698 1313 1781 1338 non
1813 1300 1917 1339 adeo
1959 1302 2089 1341 anfra-

396 1385 563 1424 ctuosa,
595 1385 639 1414 ut
673 1374 808 1416 Olori.
867 1376 1036 1430 Cygnus
1066 1389 1228 1429 semper
1257 1372 1603 1422 candidissimus,
1642 1374 1732 1415 solo
1771 1373 1930 1415 vertice
1960 1377 2088 1431 palle-

397 1460 565 1498 scente,
599 1465 786 1505 canoque
818 1451 1136 1504 subargentato‚
1166 1449 1304 1505 capite
1335 1449 1461 1505 paulo
1492 1448 1697 1490 breviore.
1763 1451 1933 1492 Plumae
1964 1451 2088 1493 verti-

396 1523 456 1565 cis
485 1524 553 1565 illi
583 1524 904 1580 rigidiusculae,
938 1526 1181 1580 elongatae,
1222 1524 1421 1565 extremis
1454 1524 1571 1579 quasi
1602 1525 1771 1575 setosis,
1823 1525 2086 1579 meliusculis,

396 1599 569 1648 nitidis3
600 1611 641 1640 at
669 1600 713 1641 in
745 1602 867 1642 Olore
896 1601 1044 1641 molles
1088 1602 1319 1655 brevesque
1364 1600 1591 1656 plumulae.
1664 1600 1901 1642 Maximum
1944 1603 2087 1645 discri-

397 1691 493 1718 men
523 1676 566 1716 in
598 1677 930 1718 conformatione
962 1687 1003 1716 et
1032 1677 1170 1716 colore
1200 1680 1345 1717 rostri:
1389 1674 1433 1715 in
1464 1677 1586 1716 Olore
1625 1688 1800 1718 rostrum
1832 1679 2083 1735 depressum,

395 1765 584 1794 extremo
613 1752 763 1800 latius,
792 1768 928 1809 ungue
958 1752 1133 1803 latiore,
1178 1752 1267 1793 acie
1299 1753 1539 1802 crenulato,
1582 1753 1703 1794 dorso
1732 1753 1843 1795 inter
1870 1771 1987 1796 nares
2018 1772 2085 1796 an-

398 1840 517 1885 gusto
547 1833 644 1884 jugo
675 1830 974 1885 subangulato,
1018 1830 1107 1870 basi
1149 1830 1285 1879 nuda,
1329 1828 1575 1877 flavissima‚
1621 1829 1672 1868 ad
1712 1830 1891 1870 frontem
1933 1832 2082 1887 plana,

394 1906 703 1962 tuberculoque
733 1906 928 1962 utrinque
960 1907 1255 1962 suba1igulata;
1299 1909 1386 1946 loro
1429 1905 1564 1952 nudo,
1611 1920 1739 1959 usque
1782 1907 1833 1946 ad
1864 1907 2082 1962 palpebras

397 1983 550 2029 flavas,
581 1983 842 2023 flavescente.
901 1986 948 2023 In
980 1985 1127 2037 Cygno
1155 1993 1299 2022 contra
1329 1991 1503 2021 rostrum
1532 1981 1657 2037 paulo
1689 1982 1831 2032 latius,
1864 1982 2079 2025 coccineo-

394 2059 588 2105 rubrum,
618 2073 753 2113 ungue
783 2070 825 2098 et
855 2059 1093 2099 membrana
1126 2073 1242 2097 nares
1272 2057 1527 2112 perficiente,
1562 2058 1829 2099 mandibulae
1859 2058 1961 2099 item
1991 2059 2079 2100 basi

397 2145 440 2175 et
469 2136 709 2175 membrana
739 2134 849 2175 inter
878 2151 1012 2176 ramos
1042 2134 1197 2189 nigris3
1228 2134 1342 2174 tuber
1372 2149 1564 2189 magnum
1582 2167 1591 2184 ,
1624 2149 1864 2185 carnosum,
1896 2146 2076 2185 ovatum,

393 2210 581 2265 nigrum,
623 2212 744 2252 rostri
788 2211 877 2252 basi
906 2229 928 2252 a
959 2213 1092 2252 fronte
1123 2209 1332 2251 imminet.
1406 2212 1533 2260 Cera,
1581 2211 1647 2251 vel
1682 2226 1774 2251 area
1815 2212 1924 2251 nuda
1968 2210 2077 2251 inter

398 2287 539 2327 oculos
570 2300 613 2328 et
639 2300 839 2338 rostrum,
875 2303 1047 2344 magna,
1088 2286 1351 2341 triangularis
1370 2319 1379 2336 ‚
1423 2302 1517 2328 cum
1546 2287 1757 2344 palpebris
1788 2287 1919 2342 nigra.
1989 2289 2074 2326 Ma-

396 2360 498 2402 xilla
528 2364 716 2419 superior
742 2364 786 2405 in
817 2366 945 2406 Olore
976 2363 1196 2412 mobilior,
1226 2373 1396 2418 totaque
1427 2364 1546 2405 rostri
1577 2364 1684 2405 basis
1715 2362 1921 2404 debilior:
1960 2377 2074 2402 nares

396 2434 514 2490 apice
543 2440 770 2495 propiores.
830 2443 1043 2484 Mensurae
1073 2438 1213 2491 rostri,
1244 2438 1331 2480 imo
1361 2439 1523 2496 capitis,
1553 2451 1715 2482 tantum
1744 2440 1854 2481 inter
1881 2452 1924 2481 se
1953 2436 2072 2478 diffe-
