2175 2931
887 187 1027 200 ———
1706 187 1790 228 233

121 293 191 332 sed
234 304 324 331 raro
367 289 473 330 ultra
511 286 689 344 primam
728 286 927 343 hyemem
958 286 1106 330 vivunt
1135 299 1178 329 et
1207 286 1567 344 adpropinquante
1601 303 1695 329 vere
1726 304 1794 345 pe-

117 378 237 407 reunt
256 397 266 413 ,
296 366 405 406 unde
436 364 709 405 domesticam
741 363 925 420 speciem
955 366 1129 405 reddere
1158 365 1343 405 nondum
1373 363 1581 405 successit.
1641 367 1793 406 Forsan

113 441 259 498 pabuli
301 440 481 496 expetiti
524 441 735 489 desectus,
794 441 929 480 forsan
969 452 1012 481 et
1054 440 1202 481 insitus
1256 441 1369 481 calor
1410 439 1539 479 vitam
1594 439 1795 481 adimunt.

118 519 313 558 Calorem
342 515 455 556 enim
487 515 696 571 sanguinis
727 516 771 557 in
801 516 908 556 vivis
941 516 1243 557 ther1nornetro
1274 517 1325 557 ad
1356 533 1440 569 107.
1456 518 1603 571 gradus
1618 515 1798 557 Farenh.

118 592 391 648 deprehendi.

255 669 421 708 Descr.
485 666 686 708 Omnium
719 670 922 707 Anserum
953 666 1149 707 minimus
1187 679 1229 707 et
1260 668 1614 723 elegantissimus,
1661 667 1704 707 ni
1735 682 1800 708 se-

117 754 314 799 quentem
345 742 541 799 excipere
571 743 691 783 velis.
765 745 956 784 Rostrum
996 743 1267 798 proportione
1306 755 1347 783 et
1384 745 1514 784 forma
1551 745 1635 784 fere
1671 754 1716 783 ut
1756 743 1800 783 in

115 821 269 859 Brenta
291 849 302 866 ,
332 820 491 859 fuscum
509 851 518 868 ,
550 819 757 874 unguibus
787 818 1018 859 rotundatis
1043 850 1053 869 ,
1085 818 1273 874 integris.
1330 821 1459 860 Nares
1489 820 1695 874 oblongae
1712 833 1802 875 per-

118 894 225 934 viae.
285 896 445 948 Lingua
474 910 594 950 supra
623 895 779 943 laevis,
811 895 930 952 apice
960 896 1181 935 rotundato
1211 895 1400 950 integra,
1431 894 1530 935 hinc
1548 895 1801 950 marglnibus

116 981 341 1010 retrorsum
372 970 563 1018 serratis,
594 969 723 1026 spinis
754 971 908 1012 sensim
939 970 1182 1025 majoribus,
1215 986 1297 1011 non
1328 985 1455 1026 usque
1486 972 1537 1011 ad
1566 970 1698 1020 basin,
1730 968 1805 1010 ubi

117 1046 325 1101 reliquum
355 1047 534 1102 spatium
565 1048 708 1102 explet
752 1047 880 1088 series
922 1047 1229 1088 denticulorum
1258 1046 1491 1096 minorum,
1537 1045 1802 1100 aequalium;

118 1136 238 1176 supra
268 1121 385 1162 basin
416 1121 544 1162 callus
573 1132 825 1163 transversus
843 1155 853 1173 ,
897 1122 1142 1172 continuus,
1184 1122 1382 1162 dentibus
1413 1121 1572 1162 conicis
1602 1119 1802 1161 confertis

119 1196 302 1245 obsitus,
348 1211 458 1252 pone
489 1212 613 1251 quem
643 1198 836 1254 utrinque
867 1200 1002 1239 adstat
1032 1199 1160 1238 callus
1189 1213 1363 1253 parvus,
1405 1197 1509 1237 item
1555 1195 1802 1243 echinatus,

117 1282 161 1311 et
192 1272 362 1311 demum
396 1283 490 1312 ante
519 1273 742 1327 glottidem
774 1289 915 1322 arcus,
958 1273 1153 1314 dentibus
1195 1284 1416 1313 retrorsum
1447 1271 1600 1313 sensim
1631 1270 1802 1311 minori-

117 1347 207 1388 bus.
265 1348 392 1388 Irides
420 1348 570 1388 fuscae.
644 1348 812 1389 Coloris
843 1348 1169 1404 descriptionem
1200 1348 1300 1388 dedi
1329 1348 1372 1388 in
1395 1349 1637 1404 Spicilegiis.
1702 1348 1804 1387 Ροη-

119 1423 195 1464 dus
225 1423 418 1463 masculis
448 1425 534 1464 fere
564 1423 746 1473 bilibre,
777 1424 971 1465 foeminis
1001 1424 1126 1480 paulo
1156 1423 1303 1463 minus.
1344 1426 1558 1464 Mensurae
1588 1425 1630 1475 (e
1660 1437 1804 1463 recen-

117 1498 230 1539 tibus
259 1499 564 1554 accuratiores)
595 1502 645 1540 ab
677 1500 794 1556 apice
826 1500 946 1540 rostri
980 1501 1031 1540 ad
1073 1499 1324 1554 uropygium
1372 1502 1414 1540 ι’.
1446 1502 1502 1541 δ”.
1535 1504 1603 1539 2'''.
1646 1500 1804 1540 caudae

119 1576 179 1616 δ”.
215 1576 306 1614 11'''.
339 1573 460 1614 rostri
491 1576 541 1615 ad
572 1577 750 1616 frontem
788 1574 909 1618 10}'''.
941 1576 993 1615 ad
1023 1574 1104 1615 oris
1143 1575 1313 1629 angulos
1364 1577 1481 1624 113⁰.
1566 1577 1804 1615 Intestinum

119 1649 304 1705 quinque
320 1651 470 1706 pedale
500 1665 593 1691 cum
624 1650 760 1705 sesqui
775 1649 960 1706 pollice;
1002 1666 1024 1690 a
1052 1650 1202 1705 pyloro
1234 1667 1254 1689 2
1285 1651 1381 1705 ped.
1411 1657 1434 1690 8
1463 1650 1565 1705 poll.
1605 1649 1803 1690 distantia

121 1724 256 1775 sinus,
289 1740 359 1765 seu
389 1727 503 1767 tuber
525 1727 818 1781 glandulosum
858 1725 902 1766 in
943 1725 1284 1780 conduplicatura
1323 1725 1528 1766 intestini.
1598 1726 1707 1766 Hinc
1745 1728 1801 1766 δ”.

122 1803 191 1842 3'‘'.
221 1802 271 1841 ab
301 1816 379 1841 ano
409 1801 605 1842 distantia
636 1801 870 1842 inseruntur
907 1817 1027 1842 coeca
1057 1799 1369 1855 sexpollicaria‚
1401 1800 1524 1841 initio
1554 1800 1692 1848 tenui,
1726 1799 1803 1839 fili-

122 1875 271 1924 sormi,
301 1888 490 1918 extremo
521 1878 675 1918 sensim
704 1876 1154 1923 fusiformi-dilatata,
1185 1875 1304 1931 apice
1332 1877 1499 1916 inflexa.
1558 1878 1661 1917 lez's
1676 1874 1799 1929 insig-

124 1952 213 2003 nis,
246 1953 418 1993 obscure
449 1953 714 1995 viridissima.
775 1955 1029 1995 Ventriculus
1059 1952 1169 1992 mole
1199 1952 1269 1993 ovi
1299 1951 1539 2007 gallinacei.

375 2081 488 2128 327.
578 2078 845 2121 ANSER
916 2081 1120 2136 pictus.
1196 2079 1326 2120 TAB.
1366 2077 1551 2120 LXVII.

266 2182 318 2219 A.
353 2178 540 2220 cinereus
558 2211 568 2230 ‚
601 2181 695 2220 albo
723 2180 926 2235 nigroque
957 2180 1135 2221 doliatus
1152 2198 1165 2226 ,·
1195 2181 1334 2236 capite
1363 2180 1642 2236 continuaque
1671 2178 1804 2222 cervi·

128 2271 176 2298 ce
206 2257 419 2311 caudaque
443 2255 574 2305 albis,
605 2255 781 2311 pedibus
811 2255 949 2296 fulvis.

350 2332 525 2372 Painted
555 2334 702 2382 Duck,
734 2334 919 2373 Lathczm.
950 2349 1013 2373 av.
1045 2335 1114 2374 VI.
1146 2349 1184 2389 p.
1215 2341 1307 2384 443.
1339 2349 1377 2373 η.
1409 2351 1446 2386 9.
1475 2335 1599 2375 Coolz.
1623 2337 1668 2376 it.
1698 2334 1728 2373 I.
1758 2348 1800 2388 p.

405 2417 470 2461 96.
503 2411 671 2451 Gmelin.
701 2420 805 2465 ςγδι.
837 2411 912 2449 ΙΙΙ.
943 2427 982 2466 ρ.
1016 2417 1106 2462 504.
1138 2425 1198 2465 sp.
1231 2416 1295 2453 55.

1373 2492 1422 2526 30
