2175 2931
408 202 502 258 132}
1167 215 1313 228 ···-·

399 319 550 377 capitis
580 320 834 369 exsoletam,
867 333 944 359 nec
975 315 1113 371 gulam
1142 314 1454 362 includentem3
1490 316 1678 371 jugulum
1718 313 1982 368 ferrugineo·
2001 313 2076 354 suh

402 412 526 446 vum,
558 395 719 451 reliqua
750 397 891 436 subtus
922 393 1036 440 alban
1068 394 1197 432 latera
1226 388 1618 431 cinereo-lituram.
1688 391 1889 430 Rectrices
1931 390 2075 430 latera-2

396 471 456 512 les
489 471 639 512 rhachi
668 482 709 511 et
739 470 924 525 margine
954 468 1086 508 albae.

490 560 499 567 ·
535 548 789 588 Ventriculus
824 547 1116 593 subcarnosus,
1161 542 1331 584 insectis
1374 543 1540 584 farctus.
1610 541 1860 582 Intestinum
1901 542 2078 596 pedale;

395 637 518 665 coeca
548 624 630 665 duo
659 620 951 668 lumbricalia,
980 618 1243 675 longitudine
1273 618 1466 675 pollicis,
1497 619 1567 670 9¹⁹.
1599 618 1649 658 ab
1680 632 1772 658 ano.

394 823 508 870 260.
610 820 1170 867 CHARADRIUS
1269 820 1689 878 lzypomelanus.
1783 818 1913 861 TAB.
1954 817 2074 861 LIX.

527 926 575 968 C.
606 926 1009 981 subtetradactylus,
1041 939 1212 980 corpore
1243 939 1364 979 supra
1395 923 1507 963 fusco
1537 922 1763 975 albidoque
1802 920 1941 971 vario,
1985 923 2076 962 sub-

388 1010 452 1041 tus
481 1000 600 1056 nigro
619 1034 628 1052 ,
660 1001 765 1042 vitta
798 1001 961 1042 laterali
992 1000 1301 1055 abdomineque
1341 999 1459 1039 albis·

607 1078 807 1118 Vanellus
837 1075 1098 1126 helveticus,
1130 1078 1308 1116 Brisson.
1340 1091 1425 1116 orn.
1458 1079 1501 1115 V.
1532 1090 1572 1129 p.
1610 1080 1696 1115 106.
1726 1073 1809 1114 tab.
1844 1091 1903 1114 10.
1922 1075 2006 1130 fig.
2041 1092 2075 1115 1.

666 1153 882 1193 D'aubent.
914 1157 1011 1207 pict.
1042 1152 1126 1192 tab.
1159 1158 1251 1193 853.

606 1231 775 1284 Trynga
806 1227 1041 1277 helvetica,
1073 1229 1162 1267 Lin.
1193 1237 1297 1281 syst.
1327 1228 1422 1268 XII.
1454 1228 1484 1267 I.
1517 1242 1557 1282 p.
1588 1231 1680 1268 250.
1698 1240 1759 1281 sp.
1781 1242 1841 1266 12.
1897 1227 2073 1269 Latham

671 1319 736 1343 av.
769 1310 813 1345 V.
843 1320 882 1358 p.
921 1310 1006 1356 167.
1038 1318 1073 1342 η.
1119 1319 1178 1343 10.

498 1379 729 1435 Samojedis
771 1380 908 1420 Tule's.

499 1455 681 1496 Ostiacis
720 1455 937 1509 Longz'mi,
979 1468 1083 1509 quae
1126 1453 1296 1494 nomina
1338 1453 1467 1494 etiarn
1508 1453 1700 1509 sequenti
1752 1452 1911 1511 speciei
1960 1471 2069 1498 com·

550 1531 705 1572 munia.

524 1605 706 1661 Copiose
737 1607 902 1662 plagam
935 1605 1131 1646 arcticum
1160 1605 1288 1646 totius
1317 1604 1522 1655 sibime,
1566 1620 1706 1646 versus
1735 1605 1951 1649 Oceanum
1988 1610 2072 1666 gla-

385 1681 535 1722 cialem
566 1682 825 1737 frequentat,
858 1697 953 1722 cum
984 1680 1215 1722 Charadrio
1245 1681 1474 1737 apricznio,
1508 1680 1576 1722 cui
1606 1681 1845 1738 persimilis.
1912 1686 2068 1741 Migrat

383 1755 581 1797 solitaria.
639 1758 901 1798 Observante
930 1757 974 1797 in
1003 1756 1123 1797 terris
1153 1757 1318 1798 arcticis
1346 1759 1472 1799 Basil.
1504 1759 1587 1815 Suj
1601 1759 1668 1809 ef,
1699 1758 1761 1799 ibi
1791 1773 1866 1815 per
1894 1762 2065 1803 brevem

382 1842 581 1872 aestatem
612 1832 900 1888 copiosissima
930 1844 1018 1883 est,
1049 1847 1124 1889 per
1153 1833 1268 1889 paria
1298 1833 1540 1889 sporadica‚
1577 1833 1827 1888 prolificans.
1899 1838 2067 1891 Aquam

387 1906 509 1947 timet
528 1939 538 1957 ‚
569 1909 642 1948 sed
673 1908 782 1948 circa
816 1924 940 1964 aquas
969 1908 1013 1948 in
1043 1908 1156 1948 sicco
1188 1908 1385 1949 alimenta
1415 1907 1590 1963 quaerit.
1648 1908 1894 1964 Plerumque
1923 1911 2065 1960 currit,

379 1994 423 2022 et
451 1982 606 2023 insidet
634 1983 850 2023 tuberibus
881 1983 1104 2032 muscosis,
1136 1999 1226 2024 raro
1257 1985 1370 2024 volat
1400 1995 1443 2024 et
1472 1998 1553 2024 non
1595 1984 1732 2038 longe.
1798 1984 1901 2026 Viso
1928 1985 2063 2027 homi-

379 2073 457 2108 ne,
487 2057 732 2114 praesertim
763 2058 807 2097 in
838 2058 993 2098 vicinia
1023 2058 1142 2106 nidi,
1185 2058 1457 2100 circumvolat
1492 2060 1612 2100 illum
1656 2070 1698 2099 et
1739 2060 1927 2101 clamitat
1962 2077 2063 2104 sono

381 2133 454 2190 qui
483 2135 570 2174 fere
602 2132 806 2188 exprimit
836 2133 1031 2174 rossicam
1062 2149 1208 2175 vocem
1238 2137 1446 2191 Kudimvy
1476 2139 1692 2190 (quorsum
1730 2136 1847 2177 vadis
1864 2141 1925 2191 2),
1973 2139 2062 2179 lon-

382 2224 514 2265 geque
544 2209 808 2265 prosequitur
836 2221 1004 2250 euntem
1035 2221 1076 2250 et
1107 2212 1241 2251 audax
1269 2227 1398 2268 prope
1428 2211 1586 2252 circuni
1614 2210 1736 2252 illum
1775 2225 1969 2268 vagatur,
2014 2226 2059 2255 ut

380 2286 559 2325 Vanello
589 2299 753 2340 quoque
784 2285 909 2326 moris
940 2297 1015 2326 est.
1091 2288 1238 2327 Pulcra
1268 2287 1380 2338 avis,
1425 2298 1503 2328 stat
1545 2287 1711 2341 egregie
1750 2299 1889 2328 erecto
1919 2290 2057 2339 collo,

379 2369 420 2397 et
451 2375 615 2400 currens
646 2361 728 2401 alas
758 2361 974 2417 expandit.
1045 2364 1183 2415 Quum
1214 2363 1342 2403 altera
1373 2364 1544 2403 alteram
1573 2362 1710 2413 videt,
1756 2378 1902 2403 vocem
1941 2364 2054 2414 edit3

376 2433 513 2477 occisa
544 2450 648 2487 una,
694 2437 823 2479 altera
852 2437 1127 2479 circumvolat
1163 2452 1256 2479 cum
1292 2440 1442 2479 eodem
1470 2439 1666 2480 clamore.
1739 2438 1856 2479 Paria
1892 2453 2054 2495 semper
