2175 2931
873 208 1022 235 ξ
1724 209 1770 237 11

96 303 181 344 rius
211 301 283 344 vix
310 301 399 344 basi
428 301 561 344 albae.
628 302 827 346 Tectrices
853 303 1075 361 primariae
1105 304 1260 356 limbo,
1294 307 1559 348 secundariae
1587 318 1676 349 tota
1702 321 1769 349 ex-

98 378 310 420 tremitate
340 380 471 427 albae3
502 380 773 421 incumbentes
803 381 942 430 albae,
974 381 1064 422 basi
1095 382 1249 437 nigrae.
1308 383 1434 423 Bases
1464 384 1620 424 alarum
1651 399 1772 439 supra

100 458 246 496 rubrae
279 455 418 495 subtus
444 455 575 495 albae.
626 457 772 497 Gauda
802 471 973 512 corpore
1002 457 1190 512 longior3
1221 459 1496 499 subcuneata:
1525 464 1709 500 rectrices
1737 468 1776 509 4.

99 532 257 572 mediae
286 532 452 586 nigrae,
483 530 691 571 exteriore
722 530 907 586 margine
938 533 1033 572 albo
1064 534 1130 573 vel
1160 547 1304 583 roseo,
1343 551 1356 572 1
1394 558 1442 564 —-
1479 551 1506 574 1.
1537 534 1661 589 paulo
1690 536 1780 574 bre-

100 606 261 653 viores,
290 613 313 647 3
347 632 394 636 —
427 614 464 647 3.
503 606 719 661 aequales,
752 606 1115 662 longitudinaliter
1144 609 1555 659 dimidiato-albae,
1586 613 1775 650 laterales

99 682 251 722 sensim
280 681 491 722 breviores
522 681 640 722 albae
658 715 668 732 ,
711 681 861 723 rhachi
890 682 1032 737 nigra,
1062 692 1087 734 4
1119 710 1170 715 —
1199 694 1242 735 4.
1276 685 1404 726 etiam
1432 684 1606 725 interius
1637 699 1780 726 versus

98 757 215 797 basin
245 756 509 812 nigricantes.
573 759 698 799 Pedes
726 760 845 799 fusci.

233 834 501 880 Foemina;
542 850 666 890 supra
696 834 864 876 cinereo
886 834 1072 890 -pallida
1091 868 1099 881 ‚
1130 835 1265 876 lituris
1294 836 1447 885 fuscis,
1485 837 1689 892 quaedam
1719 851 1783 876 ru-

97 909 197 949 bore
227 909 535 951 obsoletissimo
568 912 864 958 adumbratam
893 911 1033 952 subtus
1064 912 1133 952 vel
1163 912 1323 967 pallido
1353 914 1492 960 albae,
1522 913 1590 953 vel
1621 911 1782 952 obsole-

96 982 255 1024 tissime
285 985 563 1034 rubicundae,
606 986 850 1043 praesertim
891 998 1076 1042 pectore.
1149 989 1408 1044 Uropygium
1448 988 1693 1044 plerumque
1724 986 1783 1026 lu-

97 1058 233 1099 tescit.
306 1062 447 1102 Facies
476 1077 570 1102 curn
600 1067 705 1104 collo
742 1062 973 1104 senioribus
1016 1063 1456 1119 argenteo-nitidula,
1502 1074 1547 1103 ut
1574 1063 1618 1103 in
1653 1076 1780 1102 mare.

100 1136 246 1177 Cauda
275 1147 320 1176 ut
348 1135 392 1176 in
423 1152 560 1185 mare,
592 1139 664 1177 sed
694 1149 815 1177 rectr.
844 1144 865 1177 3
899 1163 946 1169 ——
975 1144 1009 1177 3.
1042 1139 1209 1193 nigrae,
1240 1151 1285 1180 ut
1314 1138 1562 1185 medianae,
1594 1137 1781 1192 margine

100 1210 307 1250 exteriore
339 1212 456 1249 albae
487 1223 528 1248 et
558 1227 679 1264 saepe
712 1213 871 1252 macula
903 1213 1137 1252 lanceolata
1167 1228 1307 1254 versus
1337 1212 1501 1266 apicem
1530 1213 1637 1253 alba.
1690 1213 1784 1252 Pec-

100 1294 164 1327 tus
190 1283 439 1339 quibusdam
469 1283 834 1338 longitudinaliter
865 1284 1220 1324 fusco-striatam.

235 1361 474 1400 Varietas
502 1360 698 1400 dauurica
729 1359 861 1399 multo
892 1358 1022 1414 magis
1051 1358 1259 1409 canescit,
1303 1358 1438 1400 minus
1469 1372 1683 1415 argentato
1719 1375 1784 1402 ca-

99 1436 213 1493 pite,
259 1435 398 1475 colore
429 1435 681 1475 exsoletiore
712 1445 753 1474 et
783 1434 826 1474 in
857 1449 1006 1489 genere
1037 1434 1172 1475 minus
1201 1435 1394 1491 pulcrae,
1440 1451 1564 1491 quarn
1595 1451 1699 1492 quae
1731 1437 1784 1478 ad

99 1510 333 1557 Jeniseam,
389 1511 574 1567 pondere
605 1525 678 1552 sex
708 1521 751 1550 et
780 1511 887 1550 ultra
923 1510 1243 1556 drachmarum,
1288 1522 1327 1551 at
1358 1509 1424 1551 his
1458 1510 1530 1552 vix
1560 1521 1615 1562 [μὲ.
1646 1513 1715 1553 vel
1744 1519 1783 1555 5,

99 1590 290 1628 Alcaicae
320 1585 457 1627 adhuc
486 1586 718 1627 sordidiore
748 1587 902 1628 colore.
975 1589 1186 1628 Mensurae
1216 1586 1401 1642 corporis
1432 1588 1482 1628 ab
1513 1587 1632 1643 apice
1662 1586 1784 1629 rostri

102 1663 154 1702 ad
183 1677 299 1716 urop.
332 1663 389 1702 3⁸².
423 1665 491 1702 6'''.
552 1663 698 1702 Gauda
729 1664 786 1703 δ”.
817 1663 886 1713 4”’.
917 1663 1074 1703 alarum
1119 1678 1393 1718 expansarum
1424 1664 1483 1704 δ”.
1517 1664 1584 1703 2’”.
1614 1678 1783 1719 compo·

103 1738 294 1785 sitarum3
326 1735 523 1776 tibiarum
554 1737 623 1788 7'“.
674 1736 941 1777 Ventriculus
971 1737 1188 1784 triturans,
1230 1739 1340 1779 mole
1371 1739 1536 1793 majoris
1567 1739 1662 1794 pisi.
1732 1741 1782 1779 In

102 1817 278 1868 ingluvie
319 1810 478 1851 semina
520 1810 693 1851 minuta.
770 1812 907 1851 Testes
943 1812 1052 1852 Julio
1094 1813 1381 1866 turgidissimi.
1458 1817 1694 1856 Intestinum
1735 1829 1776 1855 11

103 1887 331 1945 pollicum;
361 1902 483 1929 coeca
512 1887 594 1928 duo
625 1886 827 1935 minima,
858 1888 931 1927 vix
963 1887 1031 1928 3⁶².
1062 1889 1112 1928 ab
1142 1901 1221 1928 ano
1250 1887 1459 1930 distantia.
