2175 2931
853 216 999 242 ΕΞ
1679 224 1698 251 ’χ
1710 222 1769 262 07

80 339 300 381 tendentes
329 335 497 388 fluvios,
530 351 743 393 quousque
775 338 929 394 syivae,
963 339 1222 380 descendunt
1250 350 1294 380 et
1323 339 1586 392 nidulantur,
1619 343 1767 385 desunt

79 415 123 456 in
154 413 276 455 nudis
305 428 400 454 orae
432 412 624 454 arctieae.
684 414 929 466 I‘beernant
950 414 993 454 in
1014 416 1254 471 temperatis
1285 417 1595 459 australioribus
1625 418 1768 465 Asiae,-

80 491 202 532 nidos
242 489 287 530 in
323 489 544 545 paludibus
586 488 825 529 borealibus
869 491 1117 545 praesertim
1159 493 1363 543 condunt,
1407 495 1518 534 unde
1551 496 1602 535 ad
1633 495 1769 550 prima

81 567 234 623 frigora
270 580 345 622 per
382 564 679 621 temperatiora
714 564 894 619 migrant
939 567 1168 621 gregatim,
1213 579 1351 608 certae
1381 567 1573 611 instantis
1603 570 1771 626 hyemis

80 643 271 684 nunciae.
342 644 483 683 Plures
511 653 652 682 tamen
682 640 726 680 in
758 641 1002 697 temperatis
1033 642 1161 683 etiam
1190 643 1418 684 subsistunt
1447 656 1490 685 et
1520 647 1771 701 prolificant,

80 719 154 761 ubi
193 730 306 759 vasta
349 719 531 767 deserta,
589 731 747 773 perque
792 732 961 758 onmem
1003 718 1218 759 Tatariam
1262 735 1454 775 magnam
1492 734 1578 763 tota
1616 734 1772 763 aestate

80 795 233 852 passim
264 793 505 850 sporadicae
536 805 771 834 occurrunt.
846 797 884 834 A
931 794 1072 835 Rossis
1104 807 1145 836 et
1175 796 1360 836 barbaris
1391 801 1687 848 comeduntur,
1731 810 1774 839 et

81 883 177 912 sunt
211 870 393 926 juniores
430 869 679 911 lautioribus
719 870 871 911 mensis
911 869 1027 911 haud
1058 871 1272 927 indignae.
1335 873 1572 915 Caimuccis
1605 889 1702 915 vero
1732 885 1773 914 et

84 947 295 1003 Mongo‘lis
326 949 480 987 Gruem
508 945 714 986 occidisse
744 947 894 1002 relligo
925 958 966 987 et
995 962 1191 1002 magnum
1220 949 1348 989 nefas.
1408 952 1498 990 Iino
1526 950 1777 991 occissorem

87 1022 303 1064 occoecari
334 1033 530 1063 asserunt.
604 1023 791 1064 Credunt
822 1034 959 1063 autem
1007 1026 1161 1064 Gruem
1191 1023 1340 1065 nidum
1370 1026 1679 1067 custodientem
1708 1040 1781 1066 ex·

87 1098 225 1156 pansis
254 1098 350 1146 alis,
399 1109 657 1153 extensoque
695 1098 806 1138 collo
837 1114 997 1139 sursum
1033 1101 1227 1139 deorsum
1262 1112 1401 1150 moto,
1454 1102 1572 1156 quasi
1599 1103 1779 1144 salutare

89 1175 491 1232 appropinquantem
531 1173 769 1223 hominem,
825 1184 867 1213 et
909 1175 1094 1214 adorare.
1167 1176 1260 1216 Vox
1304 1176 1469 1231 cianga,
1532 1178 1781 1234 praesertim

89 1250 364 1291 subvolaturis
395 1261 437 1289 et
466 1260 562 1289 ante
591 1260 874 1304 tempestateS.
935 1250 1077 1290 Solem
1109 1251 1318 1292 orientem
1347 1264 1554 1293 concentu
1583 1254 1779 1296 salutant.

88 1326 319 1382 Migrantes
348 1325 515 1366 silentio
546 1324 709 1374 volant,
756 1323 980 1372 instructo„
1021 1335 1066 1365 ut
1093 1337 1238 1366 notum
1268 1338 1355 1375 est,
1392 1343 1545 1378 cuneo,
1579 1328 1781 1370 aitissime

88 1402 300 1444 interdum
339 1400 384 1441 in
421 1398 756 1456 atmosphaeram
800 1400 1010 1449 elevatae,
1056 1402 1301 1456 praesertim
1331 1418 1459 1458 quum
1488 1419 1563 1460 per
1591 1403 1784 1446 habitata

91 1478 185 1520 loca
211 1479 402 1518 tendunt.
461 1478 566 1518 Pulli
596 1476 760 1531 singulo
791 1475 893 1517 nido
923 1491 1005 1516 non
1037 1476 1146 1517 ultra
1177 1479 1284 1527 duo;
1326 1491 1548 1536 antequam
1578 1481 1667 1522 alae
1697 1496 1785 1522 cre-

93 1565 233 1603 scant,
284 1554 439 1600 latent,
481 1550 686 1607 cursuque
717 1551 1008 1608 pernicissimo
1040 1554 1218 1608 fugiunt.
1293 1557 1443 1599 Vivant
1470 1556 1658 1608 lacertis,
1703 1571 1786 1598 ser-

92 1628 307 1686 pentibus,
340 1628 570 1676 vermibus,
603 1627 787 1668 muribus
818 1628 972 1676 etiam3
1005 1629 1104 1670 dein
1136 1630 1285 1686 granis,
1316 1632 1467 1674 baccis.
1528 1637 1786 1675 Venatorem

93 1716 188 1761 post
217 1720 370 1761 equum
399 1704 622 1754 latentem,
664 1706 733 1745 vel
764 1704 989 1752 curricula,
1026 1705 1197 1762 propius
1229 1707 1474 1760 admittunt,
1508 1709 1609 1750 alias
1638 1708 1787 1750 cautis-

96 1781 238 1822 simae.
312 1780 555 1830 Cicuratae,
610 1779 655 1820 ni
694 1781 783 1820 alae
818 1779 1015 1820 maturius
1058 1781 1352 1836 praecidantur
1382 1785 1450 1825 vel
1493 1785 1783 1835 debilitentur,

97 1856 359 1913 migrationis
402 1868 594 1912 tempore
637 1855 997 1912 adpropinquante
1041 1855 1254 1912 inquietae
1297 1859 1422 1910 fiunt,
1468 1859 1787 1911 volaturientes,

97 1945 142 1975 et
168 1935 339 1974 tandem
369 1933 459 1975 viso
487 1932 732 1990 praesertim
764 1931 928 1988 agmine
958 1932 1247 1988 migrantium,
1279 1935 1510 1991 aufugiunt.

239 2010 353 2050 Not.
383 2011 547 2051 Pondus
582 2027 638 2049 12.
672 2011 722 2049 ad
760 2016 803 2050 15
835 2010 1050 2049 librarum.
1110 2012 1298 2065 Remiges
1328 2018 1393 2061 34.
1423 2010 1510 2053 imo
1540 2011 1788 2068 quibusdam

102 2091 166 2127 36.
224 2086 351 2126 Irides
379 2085 834 2126 rutilo-flavescentes.
894 2088 941 2124 In
972 2085 1069 2127 vivo
1099 2085 1205 2126 cutis
1235 2088 1377 2138 rubra,
1416 2089 1641 2145 papillosa‚
1672 2088 1790 2129 calva

104 2159 299 2215 occipitis
328 2160 481 2201 leviter
509 2173 738 2201 antrorsum
769 2171 1021 2213 corrugatur.
1082 2162 1270 2203 Juniores
1300 2163 1515 2212 cinereae,
1544 2164 1681 2220 capite
1710 2162 1793 2204 col-

105 2236 231 2295 loque
248 2250 418 2294 gryseo-
431 2238 694 2278 flavescente.
746 2234 946 2276 Perfectis
962 2237 1082 2290 jubae
1100 2239 1333 2293 scapulares
1352 2241 1539 2294 falcatae,
1572 2252 1791 2282 surrectae.

676 2342 1218 2358 mun——
