2175 2931
855 213 999 230 -·=·=·
1687 213 1769 253 113

98 313 217 372 gypti
247 324 288 355 et
329 310 481 368 Belgii.
546 311 784 354 Difficilior
813 325 951 355 autem
982 313 1197 369 indagatio
1226 326 1397 362 causae,
1450 322 1622 368 propter
1650 327 1774 366 quam

92 391 272 432 Ciconia
300 390 416 444 nigra
446 404 574 445 usque
602 388 646 428 in
679 389 874 431 Sibiriam
903 391 1058 445 ubique
1087 391 1303 444 frequens,
1336 390 1383 430 C.
1417 390 1511 429 alba
1540 400 1701 429 tantum
1730 388 1777 427 in

95 465 426 506 occidentalibus
455 464 696 521 temperatis
726 465 923 515 Rossiae,
968 477 1008 505 et
1037 464 1081 505 in
1112 468 1277 521 Europa
1305 463 1522 504 familiaris
1551 463 1621 505 sit.
1678 462 1775 503 Nisi

100 541 206 581 forte
236 541 375 587 dicas,
405 540 514 581 hanc
543 539 766 595 praecipue
798 544 933 580 Ranas
963 556 1038 596 pro
1068 541 1184 580 victu
1213 541 1392 595 eligere,
1425 555 1529 595 quae
1558 540 1602 579 in
1632 537 1780 579 Bossia

94 616 327 656 borealiore
357 626 399 656 et
429 615 543 656 omni
575 615 728 655 Sibiria
757 616 842 655 fcre
873 616 1046 665 desunt3
1077 616 1205 656 'illam
1235 628 1377 657 contra
1408 616 1658 671 aquatilibus
1687 629 1782 669 pro-

103 691 261 732 misene
291 702 494 747 pascatur.
553 694 606 730 Et
635 702 775 731 tamen
807 692 858 731 ad
889 692 1068 746 Volgam
1100 695 1308 732 Ranarum
1340 693 1503 733 abunde
1533 702 1619 740 est,
1654 689 1782 731 Cico-

95 766 165 807 nia
197 767 289 807 alba
321 759 464 807 autem.
487 766 560 806 vix
590 766 794 814 occurrit;
853 778 895 806 et
925 767 1051 807 clima
1086 767 1214 807 etiam
1254 768 1458 808 aestivum
1488 768 1620 808 multo
1652 764 1782 820 magis

96 842 233 891 favet,
286 858 409 898 quam
444 842 488 882 in
525 843 674 898 Belgio
713 855 756 883 et
796 858 944 898 magna
982 854 1100 899 parte
1131 844 1394 884 Germaniae.
1465 847 1650 898 Utraque
1681 855 1780 881 vero

98 928 328 958 nostrarum
367 917 634 959 Ciconiarum
670 918 893 959 Americae
932 920 1073 969 deest,
1128 933 1234 973 quae
1269 919 1428 975 Species
1464 918 1584 974 hujus
1622 915 1784 973 generis

101 991 230 1034 habet
257 993 467 1050 proprias,
498 993 732 1036 australiori
762 993 925 1049 regioni
956 994 1113 1037 dicatas
1145 999 1218 1050 (ἡ).

563 1125 678 1178 243.
755 1118 1114 1166 CICONIA
1189 1121 1326 1164 alba.

238 1225 286 1267 C.
316 1237 448 1267 rostro
477 1224 737 1281 pedibusque
767 1223 924 1273 rubris,
956 1238 1130 1278 corpore
1161 1223 1256 1264 albo
1276 1255 1285 1272 ‚
1316 1222 1543 1278 remigibus
1573 1223 1717 1279 nigris.

253 1321 258 1329 ·
321 1301 496 1343 Ciconia
527 1300 620 1339 alba
651 1310 889 1347 auctorum,
944 1300 1102 1339 Marsil.
1133 1299 1283 1339 danub.
1317 1301 1364 1340 V.
1395 1301 1478 1340 tab.
1517 1319 1576 1340 ιι.
1634 1299 1788 1339 Frisch.

381 1393 446 1417 av.
479 1377 562 1417 tab.
608 1383 692 1427 196.
750 1379 926 1415 Brisson.
966 1390 1050 1415 orn.
1083 1390 1122 1429 p.
1156 1380 1248 1414 365.
1279 1375 1362 1416 tab.
1397 1382 1461 1417 32.
1520 1376 1789 1417 D'aubenton.

383 1458 477 1510 pict.
509 1451 590 1492 tab.
623 1457 713 1492 866.

323 1530 463 1569 Ardea
494 1526 688 1576 Ciconia,
720 1529 808 1567 Lin,
839 1537 943 1581 syst.
974 1527 1070 1566 XII.
1100 1528 1133 1566 Ι.
1165 1543 1204 1583 p.
1237 1534 1327 1569 235.
1360 1544 1407 1580 sp
1450 1545 1489 1581 7.

216 1605 388 1646 Rossice
431 1606 589 1645 Bussell
627 1607 766 1658 ptiza;
823 1602 1062 1643 Malorossis
1091 1613 1143 1659 *et
1171 1604 1223 1643 ad
1262 1604 1472 1645 Terekum
1515 1604 1722 1646 Botschc‘zn
1751 1613 1794 1644 et

276 1682 485 1722 Nekleika.

221 1755 412 1797 Bocharo
430 1755 619 1796 -Tataris
647 1757 809 1810 Leglek.
867 1758 935 1794 An
966 1753 1292 1795 Baschkirorum
1321 1757 1511 1798 Kordai?

219 1831 457 1873 Calmuccis
487 1833 611 1873 Zenn.

249 1911 296 1947 In
327 1906 566 1963 regionibus
596 1907 768 1965 Imperii
797 1905 998 1947 Poloniae
1029 1905 1244 1958 finitimis,
1288 1908 1624 1957 australioribus,
1657 1919 1698 1948 et
1727 1907 1798 1947 de-

112 1983 268 2024 bellata
298 1994 414 2038 parte
444 1984 560 2039 regni
590 1984 794 2034 Polonici,
827 1982 888 2023 uti
918 1982 962 2022 in
994 1986 1157 2039 Europa
1187 1985 1396 2040 frequeus5
1426 1985 1553 2025 etiam
1585 1985 1636 2024 ad
1665 1987 1797 2023 Tereo

115 2060 208 2099 fluv.
241 2060 314 2099 sub
358 2060 542 2100 Caucaso
583 2061 780 2100 fluentem
817 2059 1038 2114 quotannis
1075 2060 1242 2115 copiose
1281 2061 1515 2108 nidulatum
1576 2061 1685 2100 unde
1723 2074 1798 2115 pro

118 2134 475 2190 Ornithotrophio
494 2135 708 2191 Imperiali
725 2133 967 2189 Petropolin
994 2135 1106 2175 mitti
1126 2137 1244 2176 solet.
1288 2141 1364 2177 Per
1383 2138 1586 2192 reliquam
1609 2136 1798 2176 Rosslam

117 2222 160 2252 et
190 2210 387 2251 Sibiriam
416 2211 544 2251 etiam
573 2210 859 2251 australiorem
887 2224 1099 2266 nunquam
1129 2213 1364 2261 observata,
1393 2213 1494 2253 licet
1522 2214 1567 2252 in
1595 2210 1799 2267 oppositis

171 2410 222 2456 C)
251 2414 302 2445 De
330 2409 516 2444 condendo
545 2407 713 2445 Ciconiae
741 2422 870 2456 genere
896 2413 952 2454 egi
978 2413 1013 2444 in
1039 2409 1148 2455 Spa-il.
1175 2410 1264 2447 Zool.
1294 2416 1329 2446 in
1355 2413 1469 2447 deser.
1497 2409 1664 2458 Psophiae.

1319 2488 1365 2523 15
