2175 2931
864 190 1010 218 Ξ
1680 194 1771 236 227

229 293 340 335 Not.
397 294 648 336 stell-erus
688 292 733 334 in
763 293 914 336 observ.
944 293 1055 337 MS&
1095 290 1334 349 germanico
1372 290 1576 333 idiomate
1606 294 1771 350 scriptis

92 368 337 425 distinguit:
368 371 561 411 Anserem
590 369 723 410 ferum
751 370 910 411 fuscum
940 375 1158 420 minorem,
1187 368 1365 425 pedibus
1395 368 1542 419 luteis,
1573 379 1615 410 et
1644 371 1771 411 Anse-

91 461 174 487 rem
202 447 336 486 ferum
366 446 524 486 fuscum
553 448 746 486 minorem
766 478 775 493 ,
819 457 964 486 ventre
994 445 1242 501 squamatim
1271 444 1497 500 variegato.
1555 447 1679 486 Anne
1707 460 1771 486 su-

89 537 163 579 pra
207 533 478 563 memoratam
519 520 768 561 varietatem
814 520 977 562 voluit?
1035 519 1148 560 Mihi
1189 535 1353 577 semper
1393 521 1501 576 apud
1543 535 1617 562 nos
1647 520 1771 562 unica

89 597 252 653 species
295 596 380 637 visa
426 608 501 637 est.
586 596 867 636 Posteriorem
910 596 1016 636 dicit
1055 596 1300 651 praesertim
1343 612 1365 637 a
1406 600 1519 637 Lena
1560 612 1687 652 usque
1725 596 1771 638 in

90 672 427 716 Camtschatcam
455 673 717 729 frequentem
746 685 858 722 esse,
914 671 1099 728 priorem
1128 671 1173 712 in
1203 672 1349 713 Rossia
1377 687 1508 729 aeque
1541 688 1588 715 ac
1617 671 1772 714 Sibiria

88 749 314 804 vulgarem.

272 873 386 918 32'2.
462 873 730 918 ANSER
802 872 1191 932 hyperboreas.
1266 873 1396 917 TAB.
1434 871 1578 918 LXV.

224 980 277 1017 A.
308 987 439 1017 rostro
467 976 728 1033 pedibusque
758 976 915 1028 rubris,
947 990 1120 1033 corpore
1151 977 1274 1026 albo,
1302 976 1547 1018 rectricibus
1578 975 1772 1033 primori·

86 1051 162 1094 bus
191 1050 334 1108 nigris,

301 1131 438 1169 Anser
478 1127 715 1184 grandinis,
772 1130 1058 1182 Schwenkfeld.
1103 1132 1209 1170 siles.
1250 1144 1290 1184 p.
1323 1134 1414 1169 213.
1472 1129 1601 1168 Klein.
1631 1143 1696 1170 av.
1729 1145 1767 1184 p.

368 1210 455 1245 130.
488 1219 526 1243 η.
564 1222 621 1244 ιι.
678 1207 858 1245 Brisson.
890 1220 972 1244 orn.
1005 1206 1053 1245 V.
1085 1221 1122 1260 p.
1158 1211 1248 1245 288.
1282 1220 1320 1244 η.
1356 1219 1415 1244 ιο.

302 1279 438 1318 Anser
467 1279 574 1319 ferus
605 1279 747 1327 albus,
777 1280 946 1320 Gmelin.
976 1295 1057 1320 sen.
1089 1280 1173 1320 obs.
1204 1280 1293 1318 MS.

303 1355 439 1394 Anser
467 1354 576 1395 ferus
606 1353 808 1396 candidus
821 1354 1046 1403 Lenensis‚
1079 1356 1232 1395 Steller.
1263 1354 1347 1394 obs.
1377 1355 1465 1396 MS.

301 1431 438 1470 Anser
467 1428 778 1486 hyperporeus,
808 1431 913 1471 Pan.
944 1431 1084 1485 Spicil.
1115 1430 1232 1470 Zool.
1265 1431 1333 1469 VI.
1365 1446 1404 1485 p.
1438 1446 1501 1470 ρο.

303 1509 415 1546 Anas
445 1505 610 1556 nivalis,
641 1507 814 1547 Forster.
845 1516 925 1547 act.
958 1509 1068 1560 angl.
1099 1508 1218 1545 LXII
1259 1522 1298 1561 p.
1330 1512 1422 1556 [μδ.
1454 1513 1548 1556 433.
1578 1507 1768 1550 Latham.

356 1596 420 1621 αυ.
451 1581 521 1620 VI.
551 1597 588 1635 p.
620 1587 713 1631 445.
744 1597 781 1621 η.
820 1598 879 1620 ιο.
909 1582 1028 1622 Penn.
1058 1582 1175 1622 Zool.
1206 1591 1306 1620 arch.
1336 1582 1391 1621 ΙΙ.
1422 1598 1461 1637 ρ.
1495 1589 1588 1634 549.

188 1654 362 1696 Rossice
393 1657 445 1696 ad
475 1658 629 1696 Lenam
660 1657 789 1712 Bjeloi
818 1658 901 1697 GzZs
934 1657 1071 1708 (albus
1101 1659 1270 1710 Anser).

190 1730 346 1772 Jacutis
380 1732 706 1786 Yurgung-de
735 1733 905 1784 (eodem
936 1732 1203 1787 significatu).

189 1805 366 1847 Ostiacis
408 1807 769 1847 beresoviensibus
801 1809 1182 1863 Ungula-choteng
1210 1807 1256 1862 (i.
1291 1822 1327 1849 e.
1360 1809 1528 1864 Cygnus
1570 1808 1765 1865 elinguis,

245 1882 344 1937 quia
380 1882 469 1923 sine
506 1882 591 1923 ulla
629 1897 733 1924 voce
770 1883 1046 1932 transvolant,
1108 1895 1150 1924 et
1187 1899 1398 1939 nunquam
1434 1883 1495 1924 ibi
1525 1884 1760 1937 consident,

249 1958 323 1998 sed
351 1958 499 1998 ultima
528 1958 682 2000 arctica
710 1970 984 2015 promontana
1015 1970 1056 1999 et
1085 1962 1251 2001 Novam
1280 1971 1432 2001 terram
1461 1971 1624 2017 petunt.

191 2032 377 2073 Lamutis
407 2034 563 2075 thtdli.
619 2035 1042 2090 Juraco-Samojedis
1078 2035 1240 2077 Μίαν-ἀὲ.

193 2107 524 2151 Camtschadalis
553 2111 733 2164 Hy-nkez‚-
762 2110 937 2151 Ukinzis
967 2113 1256 2153 Ke'z‘schuasch.

191 2184 455 2225 Americanis
486 2185 538 2225 ad
567 2186 719 2226 fretum
749 2185 957 2225 Hudsonis
991 2186 1213 2227 Wae-wae
1244 2189 1405 2229 Forst.

221 2261 326 2301 Cum
350 2263 501 2301 Brenta
533 2261 583 2300 ab
612 2260 771 2301 oriente
802 2260 1025 2316 migrantes
1055 2261 1096 2301 in
1129 2273 1261 2302 tractu
1278 2265 1415 2303 Lemo
1444 2263 1562 2304 fluvii
1592 2263 1762 2322 copiose

83 2347 284 2391 apparent
314 2350 436 2386 vere,
467 2335 649 2392 indeque
680 2337 813 2377 soluta
842 2337 1002 2392 glacie,
1043 2353 1181 2378 versus
1213 2337 1384 2379 arcticas
1415 2350 1569 2390 terras,
1603 2340 1760 2382 verosi-

80 2411 259 2453 millime
291 2411 357 2453 illi
387 2412 642 2454 continentis
670 2413 779 2469 parti
809 2413 1044 2470 oppositaS,
1087 2415 1271 2454 nondum
1301 2415 1562 2472 exploratas,
1595 2418 1762 2458 abeunt.

1308 2497 1326 2515 1¹
