2175 2931
870 197 1014 219 Ξ
1770 202 1794 240 5

127 299 291 342 Semina
318 298 427 355 p³ni‚
459 294 629 352 lar-yciS,
662 295 914 350 aliarumque
936 310 1212 343 acerosarum,
1245 306 1288 335 ut
1305 306 1344 335 et
1361 296 1459 336 Alni
1479 311 1660 352 gemmas
1676 299 1794 351 legit.

126 375 326 415 Strobilos
349 374 391 413 in
409 372 564 412 fissuris
582 371 748 413 corticis
776 370 995 427 praecipue
1024 371 1241 412 resinifluis
1263 371 1417 425 defigit,
1445 384 1485 412 ut
1509 373 1665 412 semina
1688 389 1797 413 com-

126 450 288 491 modius
319 447 524 488 extrahat.
601 446 766 486 Dicitur
796 447 863 486 vel
892 458 954 486 ter
985 447 1028 486 in
1060 463 1165 487 anno
1196 448 1331 503 pullos
1363 449 1562 496 educare,
1622 460 1796 488 certum-

124 540 204 580 que
246 523 352 564 mihi
396 535 456 563 est
498 522 650 577 hyeme
692 522 912 566 incubare,
972 523 1110 562 adlato
1151 522 1363 562 Februarii
1408 524 1481 562 sub
1519 523 1658 562 fiinem
1697 523 1798 563 nido

126 615 218 639 cum
247 598 384 654 pullsss.
445 600 729 638 Stellerus
767 596 920 636 Martio
951 596 1097 636 nidum
1126 612 1219 636 cum
1249 597 1338 637 ovis
1366 597 1544 637 invenit.
1604 602 1649 637 In
1681 597 1798 638 omni

125 685 256 713 tractu
289 678 439 712 Canrae
469 674 563 712 fluv.
595 672 745 727 passim
774 686 849 727 pro
881 671 1031 711 mensis
1061 672 1280 726 capiuntur
1324 673 1482 727 laquefs
1511 687 1533 712 e
1562 672 1651 728 pilo
1681 672 1797 727 equi-

125 764 200 797 no,
255 764 354 803 quos
386 759 568 787 statuunt
597 747 758 803 pueruli
789 746 833 786 in
863 746 986 794 nive,
1043 760 1166 799 quam
1195 747 1374 801 primum
1405 748 1546 796 urina,
1595 748 1662 787 vel
1692 763 1797 801 aqua

124 838 219 863 cum
263 824 392 864 farina
435 834 476 863 et
522 823 604 862 sale
645 824 889 861 fermentata
927 822 1221 876 perfriderunt,
1281 833 1326 861 ut
1362 824 1554 862 flavescat
1601 838 1797 877 quorsum

124 898 434 945 Crucirostrae,
477 898 571 937 salis
603 896 866 936 avidissimae
907 898 1051 936 crebro
1098 897 1294 936 advolant
1324 908 1366 936 et
1403 897 1562 951 laqueis
1604 897 1800 937 intrican-

124 984 202 1013 tur.
281 974 435 1028 Caprae
465 973 507 1012 in
538 987 663 1012 cavea
699 972 808 1012 intra
837 970 950 1011 diem
989 971 1245 1022 cicurantur‚
1303 971 1637 1028 stupidissimae,
1695 973 1798 1012 licet

127 1049 366 1087 cerebrosae
398 1063 506 1087 aves.

261 1123 373 1161 Not.
410 1140 438 1161 ι.
470 1121 730 1162 Pulchriores
748 1153 758 1171 ,
801 1122 963 1162 intense
994 1121 1242 1162 cinnabareo
1271 1124 1411 1163 colore
1440 1138 1524 1164 non
1554 1123 1644 1164 vidi
1673 1138 1798 1178 quam

125 1196 169 1236 in
206 1195 401 1248 larycetis
441 1196 662 1235 Dauuriae.
733 1198 954 1237 Caeterum
993 1195 1147 1250 hyeme
1185 1197 1371 1237 omnium
1409 1199 1596 1237 colorum
1627 1197 1799 1252 promis-

125 1283 201 1308 cue
233 1279 454 1322 apparent,
505 1269 783 1317 ruberrimae,
829 1268 1056 1308 obsoletius
1093 1271 1263 1315 rubrae,
1304 1269 1428 1308 fulvis
1466 1271 1680 1325 rubrisque
1709 1273 1799 1327 plu-

126 1344 204 1384 mis
242 1343 421 1389 mixtae3
478 1343 751 1390 flavissimae,
809 1345 997 1398 flavoque
1036 1342 1226 1382 cinereae
1256 1358 1327 1383 seu
1357 1344 1622 1385 virescentes,
1703 1349 1795 1386 Hae

127 1417 355 1460 certissime
395 1417 599 1472 juniores,
645 1418 793 1472 quibus
829 1419 969 1458 rubras
998 1418 1158 1473 plumas
1193 1433 1450 1459 succrescere
1482 1419 1583 1460 vidi.
1653 1419 1798 1460 Tertio

129 1508 235 1533 anno
266 1494 402 1532 denuo
438 1495 656 1534 flavescere
687 1508 761 1549 pro
791 1504 905 1535 certo
935 1493 1104 1549 accepi,
1149 1495 1221 1534 sed
1250 1493 1477 1536 intensiore
1514 1495 1679 1546 colore,
1722 1495 1799 1536 mi-

127 1583 203 1609 nus
234 1568 415 1615 cinereo,

263 1666 315 1673 -——
361 1658 397 1681 2.
441 1644 627 1696 Remiges
668 1651 726 1686 18.
768 1643 946 1685 Maxilla
984 1643 1156 1685 inferior
1184 1645 1311 1685 modo
1340 1647 1628 1693 dextrorsum,
1671 1647 1798 1686 modo

128 1717 407 1757 sinistrorsum
435 1728 659 1756 recurvata.
719 1721 859 1771 Cystis
886 1735 969 1760 non
999 1719 1236 1774 conspicua„
1293 1722 1562 1777 Oesophagus
1591 1721 1731 1762 medio
1753 1720 1799 1761 in

128 1790 359 1845 ingluviem
389 1789 597 1831 dilatatus,
655 1793 851 1832 Prolobus
881 1794 1167 1846 glandulosu53
1207 1800 1449 1838 ventriculus
1477 1796 1798 1838 carnosissimus.

129 1866 358 1920 Longitudo
388 1865 579 1906 intestini
614 1869 690 1916 14⁰.
724 1869 856 1907 Coeca
886 1867 1048 1921 exigua.

520 2024 632 2071 178.
723 2023 756 2065 L
787 2023 828 2064 O
858 2022 901 2065 X
928 2023 945 2065 I
974 2022 1016 2066 A
1114 2025 1412 2080 psittacea.

267 2146 313 2184 L.
353 2143 524 2184 maxilla
564 2144 772 2200 superiore
811 2145 1006 2194 incurva,
1050 2146 1175 2200 striga
1205 2148 1359 2188 alarum
1389 2147 1547 2203 duplici
1578 2148 1696 2197 alba,
1736 2164 1796 2192 re-

131 2218 308 2273 migibus
338 2218 662 2272 rectricibusque
691 2219 1004 2274 nigricantibus.

350 2292 561 2334 Rubicilla
596 2293 779 2335 maxima
815 2294 1080 2345 canadensis,
1126 2296 1318 2338 Eclward.
1348 2312 1412 2338 αν.
1442 2298 1524 2339 tab.
1560 2306 1647 2342 125.
1676 2303 1796 2352 Mas;

408 2377 495 2419 124.
525 2369 716 2411 foemina.
