2175 2931
886 225 1036 241 -“““
1743 226 1798 267 75

889 242 1034 251 ——-—-

231 324 406 386 Kirgisis
439 327 643 386 Tjilegus‚
676 327 993 381 (Rytschkof
1013 330 1099 367 itin.
1130 327 1204 367 HI.
1237 343 1275 383 p.
1306 327 1394 377 4ο.)

262 411 310 447 In
352 403 532 446 arenosis
573 402 729 444 deserti
772 401 969 457 Kirgisici
1008 402 1119 443 circa
1164 418 1305 444 arenas
1346 403 1737 453 DshicleZ-mamut‚
1784 418 1808 444 a

124 483 465 540 Rytschkofio
508 479 631 521 vivae
675 479 857 529 adlatae,
904 478 1081 520 exuviae
1124 479 1370 520 rectricibus
1406 479 1631 525 carebant;
1672 493 1808 535 neque

125 571 342 618 praeterea
371 574 393 598 a
423 556 619 612 quopiam
651 566 885 596 nostrorum
915 556 1130 597 observata
1160 556 1240 597 fuit
1271 556 1374 597 haec
1405 554 1492 596 avis
1527 553 1809 595 curiosissima

125 652 251 693 quam
281 631 570 689 Kirgisotatari
599 631 897 688 pulverisatam
927 642 1070 672 contra
1109 631 1315 673 insaniam
1354 632 1665 673 commendant.
1735 633 1811 671 Ea·

128 715 224 754 dem
253 709 425 753 omnino
455 709 620 750 videtur
649 723 743 748 cum
774 721 851 748 ave
882 722 905 747 a
933 708 1134 749 Shawio
1165 709 1390 765 descripta.

263 789 433 828 Descr.
499 784 708 825 Anomala
751 783 795 824 in
842 799 915 825 suo
959 797 1111 839 genere
1158 784 1259 826 avis.
1345 785 1589 840 Magnitudo
1645 784 1814 824 Chatae.

126 865 317 906 Rostrum
343 860 508 903 tenuius
537 874 663 915 quam
691 859 969 901 Tetraonibus
1000 859 1106 911 aliis,
1137 861 1349 916 superiore
1374 861 1547 902 maxilla
1576 877 1660 902 non
1690 858 1816 900 forni-

129 951 221 982 cata
261 954 382 995 supra
421 936 679 977 inferiorem.
751 937 880 978 Pedes
922 935 1105 978 maxime
1147 937 1332 987 insoliti,
1387 936 1627 992 tridactyli,
1670 937 1815 989 digitis

129 1014 386 1058 brevissimis
415 1011 600 1063 coalitis,
646 1013 734 1055 solo
765 1012 885 1069 apice
914 1023 957 1053 et
984 1013 1191 1068 unguibus
1221 1012 1456 1061 distinctis,
1500 1012 1725 1059 brevibus,
1754 1025 1818 1050 us-

132 1106 211 1149 que
240 1092 325 1131 fere
357 1089 408 1130 ad
437 1104 593 1144 ungues
622 1088 837 1144 plumosis3
868 1089 978 1128 unde
1008 1089 1151 1144 planta
1181 1089 1354 1138 triloba,
1385 1088 1616 1138 latiuscula,
1650 1086 1816 1128 corneis

130 1165 302 1223 papillis
344 1164 578 1205 imbricata.
649 1165 784 1220 Caput
823 1179 919 1204 curn
959 1164 1070 1204 collo
1115 1166 1166 1204 ad
1195 1165 1381 1219 jugulum
1410 1150 1539 1218 usque
1578 1174 1818 1212 canescunt,

129 1243 203 1283 sed
229 1244 333 1296 gula
374 1239 590 1289 fulvescit,
634 1241 878 1293 maculaque
910 1238 955 1278 in
984 1250 1160 1293 utroque
1204 1240 1305 1280 colli
1346 1240 1475 1280 latere
1512 1238 1675 1279 intense
1709 1238 1821 1278 fulva

130 1331 204 1358 seu
231 1315 370 1372 potius
401 1314 601 1356 aurantia.
661 1315 840 1355 Dorsum
868 1313 979 1353 inter
1008 1314 1091 1353 alas
1119 1324 1164 1354 et
1194 1316 1246 1355 ad
1280 1315 1455 1355 caudam
1486 1329 1636 1369 usque,
1680 1315 1743 1364 (ut
1773 1312 1819 1353 in

133 1392 278 1446 Otide)
309 1389 704 1447 gryseo-nigroque
731 1388 962 1435 doliatum3
1013 1388 1191 1430 circulus
1221 1405 1385 1445 quoque
1416 1391 1603 1445 jugulum
1634 1389 1821 1429 ambiens

132 1485 156 1511 e
185 1468 355 1511 lineolis
384 1466 562 1515 crebris,
588 1465 848 1513 transversis,
880 1464 1023 1522 nigris.
1080 1466 1226 1507 Pectus
1254 1466 1708 1507 cinereo-rubescente
1737 1465 1825 1521 pal-

135 1545 291 1592 lidum,
332 1543 435 1584 hinc
465 1543 612 1599 supina
642 1541 771 1583 facies
799 1556 927 1597 usque
959 1543 1010 1582 ad
1040 1547 1210 1583 crissum
1239 1553 1348 1593 atra,
1407 1543 1567 1599 pallide
1598 1542 1822 1591 maculosa,

135 1632 181 1662 ut
211 1632 254 1661 et
289 1617 627 1675 hypochondria.
697 1620 803 1659 Alae
833 1616 1016 1658 maxime
1048 1619 1287 1673 elongatae,
1346 1618 1626 1669 acuminatae,
1685 1617 1825 1659 subtus

138 1697 277 1746 albae,
333 1710 457 1750 supra
483 1694 574 1735 basi
605 1694 739 1735 dilute
769 1693 939 1734 cinereo
967 1695 1254 1745 rubescentes,
1308 1695 1474 1751 punctis
1506 1694 1665 1751 magnis
1695 1691 1825 1747 nigris

139 1774 370 1828 adspersae.
429 1772 536 1812 Alae
564 1775 724 1827 spuriae
753 1769 890 1824 strigis
919 1769 1048 1825 nigris
1078 1771 1318 1820 undulatae,
1351 1771 1469 1827 apice
1499 1771 1635 1812 lituris
1652 1767 1828 1823 magnis,

138 1847 272 1889 veluti
303 1845 506 1896 cruentis,
538 1846 663 1887 fuscis
693 1844 947 1902 inquinatae.
1005 1835 1193 1901 Remiges
1221 1846 1444 1902 primariae
1465 1847 1648 1886 extimae
1672 1843 1829 1885 sensim

141 1923 372 1979 longiores,
416 1922 599 1963 maxime
643 1922 930 1971 acuminatae3
990 1938 1133 1963 omnes
1177 1923 1335 1972 fuscae,
1382 1933 1501 1963 extus
1543 1931 1826 1968 canescentes,

143 1998 329 2055 margine
361 1998 521 2039 extime
551 2013 689 2039 versus
718 1998 856 2049 basin,
909 1998 1108 2040 interiore
1139 2014 1264 2054 usque
1296 2000 1347 2039 ad
1378 1998 1542 2054 apicem
1576 1999 1670 2038 albo
1687 2016 1699 2043 ;
1757 1995 1830 2035 vix

143 2074 187 2115 in
219 2074 402 2116 extimis.
475 2076 677 2117 Tectrices
717 2074 940 2131 primariae
972 2086 1014 2115 et
1043 2079 1215 2130 remiges
1243 2076 1389 2116 breves
1425 2076 1688 2117 secundariae
1717 2083 1829 2112 totae

146 2166 168 2192 e
200 2149 436 2205 ferrugineo
467 2151 597 2200 albae,
630 2161 765 2191 tractu
794 2150 1015 2190 latiusculo
1044 2162 1150 2200 atro,
1182 2152 1409 2192 secundum
1438 2151 1618 2192 rhachin
1649 2146 1833 2189 exterius

144 2225 443 2282 longitudinali
476 2241 606 2282 usque
638 2227 689 2266 ad
720 2226 899 2282 apicem.
957 2224 1104 2267 Cauda
1135 2226 1179 2266 in
1211 2227 1443 2282 specimine
1477 2229 1639 2276 deerat,
1684 2221 1834 2264 verosi-

145 2301 327 2343 millime
372 2301 629 2352 acuminata,
687 2313 732 2342 ut
762 2305 808 2343 T.
856 2301 1017 2344 Chatae
1047 2313 1089 2343 et
1123 2302 1343 2343 arenariae.
1410 2304 1666 2356 (Secundum
1697 2303 1836 2341 Shaw

144 2379 297 2429 cauda,
330 2377 490 2434 singula
525 2393 662 2434 penna
693 2379 818 2419 albo-
837 2378 1065 2426 maculata3
1099 2379 1237 2419 media
1264 2378 1448 2436 longior,
1481 2379 1730 2420 acuminata.

278 2456 389 2497 Not.
438 2454 599 2496 Turnix
628 2456 809 2511 Buffonii
841 2461 944 2511 (orn.
976 2457 1027 2496 ΙΙ.
1060 2472 1099 2512 p.
1130 2465 1222 2512 479.
1283 2456 1500 2498 D’aubent.
1529 2460 1624 2512 pict.
1655 2472 1693 2496 η,
1730 2454 1837 2509 171.)

1375 2537 1399 2558 2
