2175 2931
399 187 482 230 162
1153 195 1296 219 ..-.-“““-.-.

395 303 492 343 dem
523 317 648 358 quam
674 298 1066 355 Phoeni—copterus)
1097 299 1253 336 Anates
1285 294 1594 351 quodammodo
1623 293 1865 336 aemulatur.
1922 297 2084 338 Tamen

395 378 674 435 proceritate,
717 378 894 433 pedibus
937 389 1057 430 supra
1097 387 1231 428 genua
1273 372 1356 412 alte
1386 371 1535 421 nudis,
1578 371 1879 427 semipalmatis
1923 383 1965 412 et
1991 383 2083 413 toto

398 453 547 495 habitu
578 453 791 509 corporis,
825 453 875 492 ad
906 451 1067 491 Grallas
1095 463 1192 489 vere
1223 448 1423 505 pertinet.
1490 451 1649 489 Natura
1679 463 1754 504 pro
1783 448 1983 503 singulari
2012 464 2084 488 nu-

396 531 621 579 trimento,
653 531 765 586 quod
795 528 1044 584 quibusdam
1075 525 1219 566 avibus
1250 523 1503 580 adsignavit,
1536 524 1666 565 etiam
1695 524 1895 580 singulari
1926 525 2086 565 confor-

398 606 582 647 matione
614 605 732 647 rostri
763 603 1024 661 prospexisse
1056 601 1241 654 videtur,
1272 601 1582 644 characteribus
1611 601 1805 642 ordinum
1835 600 2088 643 naturalium

396 697 605 738 nunquam
635 682 779 723 stricte
810 680 1055 722 adhaerens.

696 840 811 886 279.
903 827 937 870 P
962 827 995 869 L
1017 826 1057 870 A
1078 825 1180 869 TE
1202 827 1235 869 L
1256 826 1294 868 E
1316 825 1358 868 A
1420 823 1784 868 Leucorodia.

532 913 576 952 P.
605 911 731 952 crista
761 909 949 965 artigua,
981 923 1154 964 corpore
1186 908 1322 948 niveo.

617 987 759 1027 Platea
789 998 831 1026 et
862 985 1143 1026 Leucorodias
1173 986 1431 1032 Auctorum,
1461 983 1623 1024 Marsil.
1654 981 1803 1023 danub.
1834 982 1884 1024 V.
1915 981 1999 1024 tab.
2029 999 2088 1024 12.

617 1063 900 1111 Albardeola‚
933 1062 1072 1102 Albin.
1105 1076 1167 1101 av.
1199 1062 1254 1100 II.
1290 1060 1374 1100 tab.
1406 1066 1472 1101 66.

618 1138 760 1178 Platea
792 1137 954 1187 Brissa,
986 1139 1167 1177 Brisson.
1199 1152 1263 1176 av.
1296 1136 1345 1176 V.
1376 1151 1413 1191 p.
1446 1142 1537 1177 352.
1569 1151 1608 1176 n.
1645 1152 1677 1176 1.

616 1214 801 1254 Platelea
832 1212 1118 1262 Leucorodia,
1149 1214 1236 1252 Lin.
1267 1222 1368 1266 syst.
1401 1213 1494 1252 XII.
1524 1213 1555 1252 I.
1587 1229 1626 1268 p.
1665 1237 1683 1244 -
1711 1236 1726 1244 -

613 1292 672 1330 La
701 1291 871 1345 Spatule
894 1321 905 1339 ,
937 1289 1153 1329 D'aubent.
1185 1293 1282 1344 pict.
1312 1289 1396 1329 tab.
1432 1298 1526 1339 4ου.
1559 1287 1722 1343 (adulta
1742 1286 1947 1342 cristata).
1976 1288 2088 1341 Buff.

672 1382 756 1407 orn.
789 1367 879 1406 VII.
912 1382 950 1420 p.
982 1370 1075 1414 448.
1108 1364 1191 1404 tab.
1225 1373 1289 1414 24.

621 1440 772 1481 White
803 1439 1043 1496 Spoonbill,
1075 1441 1264 1480 Latham.
1298 1455 1362 1480 av.
1394 1440 1443 1480 V.
1476 1456 1515 1496 p.
1552 1443 1615 1479 13.

504 1517 676 1560 Rossice
705 1518 884 1572 Kolptk,
912 1518 1112 1572 Kolpiza3
1143 1516 1382 1556 Malorossis
1410 1518 1607 1571 Lopdten.

506 1594 682 1649 Kirgisis
711 1594 867 1633 Sabala
883 1618 894 1623 -
913 1594 1052 1632 burim.

503 1669 717 1726 Mongolis
748 1669 1037 1723 Chalbagantu
1068 1665 1397 1724 (Cochlearius)
1417 1700 1428 1718 ‚
1457 1668 1527 1709 vel
1555 1669 1739 1724 Boghfm.

503 1747 700 1788 Armenis
729 1746 1046 1786 Kii'sch-chaiis.

534 1823 724 1864 Maxima
755 1821 877 1877 copia
918 1821 963 1861 in
1008 1820 1253 1862 australibus
1282 1821 1481 1869 Rossiae,
1530 1820 1641 1861 circa
1682 1835 1794 1861 mare
1836 1821 2084 1877 praesertim

392 1898 608 1955 caspium,
650 1897 840 1939 Maeotin
870 1908 913 1938 et
941 1897 1181 1948 Euxinum,
1224 1896 1453 1952 fluviosque
1498 1900 1675 1950 majores
1721 1911 1772 1938 eo
1802 1898 2084 1949 decurrentes,

391 1991 469 2017 nec
498 1990 581 2015 non
612 1975 725 2014 lacus
756 1977 932 2026 majores
960 1973 1088 2015 totius
1118 1972 1273 2014 deserti
1302 1971 1494 2022 tatarici,
1525 1987 1852 2029 camporumque
1876 1975 2082 2015 Baraben-

391 2052 501 2099 sium
533 2049 740 2099 occurrit,
776 2063 911 2104 neque
939 2048 984 2089 in
1013 2049 1259 2104 Mongoliae
1289 2048 1465 2089 desertis
1496 2049 1615 2089 deest
1644 2060 1687 2089 et
1716 2049 1828 2090 lacus
1859 2051 1910 2090 ad
1941 2050 2082 2091 Selen-

395 2143 488 2184 gam
521 2137 562 2166 et
593 2127 809 2181 Argunum
839 2125 1060 2179 quotannis
1090 2126 1337 2181 frequentat.
1408 2125 1601 2180 Sylvosas
1643 2137 1687 2166 et
1730 2125 1982 2166 borealiores
2020 2140 2082 2167 re-

394 2205 536 2259 giones
567 2217 649 2242 non
680 2200 792 2250 adit3
842 2200 1049 2256 hybernat
1087 2201 1131 2243 in
1162 2199 1407 2243 australibus
1438 2201 1628 2252 Persiae,
1675 2201 1842 2251 Indiae,
1887 2201 2078 2253 Chinae‚

396 2294 589 2335 quorsum
620 2290 779 2319 mature
810 2278 910 2319 abit.
980 2281 1075 2319 Post
1119 2280 1336 2320 educatam
1376 2279 1539 2335 prolem
1581 2279 1633 2319 ad
1674 2289 1838 2334 pastum
1866 2278 2070 2334 gregatim

395 2357 589 2405 evolant,
624 2355 784 2411 magnis
812 2355 958 2397 turmis
988 2356 1032 2396 in
1060 2367 1366 2403 transversum,
1394 2355 1687 2402 rectilineum,
1716 2354 1986 2409 strictumque
2014 2367 2077 2392 or-

394 2429 537 2472 dinem
564 2432 774 2485 extensis,
820 2431 1081 2476 serenissimo
1122 2446 1288 2489 quoque
1328 2439 1421 2474 aere
1462 2442 1505 2473 et
1547 2430 1753 2474 altissimo
1793 2430 1897 2473 licet
1935 2428 2079 2471 volatu
