2175 2931
395 186 485 231 226
1148 199 1289 226 a

390 313 477 343 ctus
507 312 700 352 secutae,
753 313 925 358 tumque
956 297 1030 340 der
1058 312 1228 340 omnem
1269 297 1556 341 australiorem
1586 299 1776 342 Rossiam
1807 311 1849 342 et
1879 299 2077 343 Sibiriam

391 379 442 420 ad
474 381 631 432 Majum
662 392 791 432 usque
821 376 1015 433 copiosae
1047 387 1089 416 et
1118 375 1330 431 gregariae
1361 387 1573 431 vagantur,
1609 378 1764 418 sensim
1794 392 1933 418 versus
1963 377 2076 433 frigi-

390 454 527 496 diores
554 453 654 493 situs
685 453 922 508 migrantes.
980 451 1285 492 Astrachaniae
1314 455 1398 506 jam
1424 453 1504 493 fine
1530 453 1745 494 Februarii
1769 452 2076 508 transmigrant,

388 530 433 571 in
463 528 601 569 Persia
634 540 775 569 tamen
806 544 1017 584 nunquam
1046 529 1288 579 observatae
1318 530 1508 582 (Gmelin.
1538 533 1624 587 jun.
1655 534 1784 570 itiner.
1810 527 1885 570 ΙΙΙ.
1918 546 1957 585 p.
1979 536 2044 583 37.
2057 541 2078 572 ὶ.

387 606 548 647 Adulto
579 620 699 655 vere,
754 617 876 662 rupta
907 605 1062 661 ubique
1093 604 1254 660 glacie,
1310 619 1454 646 omnes
1482 604 1527 645 in
1558 604 1740 646 maxima
1770 604 1957 646 borealia
1985 605 2078 645 loca

388 683 616 723 secundum
647 685 801 735 majora
830 681 1001 722 flumina
1039 682 1220 729 abeunt,
1277 680 1348 721 ubi
1377 681 1506 722 clima
1535 693 1578 722 et
1606 681 1789 722 solitudo
1830 680 2077 735 frigidarum

388 759 588 814 paludum
627 757 736 813 proli
773 759 1013 799 educandae
1052 758 1206 797 favent.
1279 757 1517 813 Septembri
1555 759 1730 798 redeunt
1762 772 1857 797 cum
1883 756 2003 813 prole
2033 768 2077 797 et

389 835 440 875 ad
470 834 670 890 hyemem
700 849 827 889 usque
858 833 901 874 in
931 834 1298 890 temperatioribus
1328 844 1497 889 pastae,
1525 836 1698 873 tandem
1729 832 1773 873 in
1802 832 2076 873 transmarina

387 910 478 952 loca
511 910 699 965 fugiunt,
756 910 850 960 via,
906 920 951 950 ut
980 910 1174 965 frequens
1205 907 1441 950 observatio
1473 908 1643 959 docuit,
1701 923 1776 964 per
1803 907 1994 948 Rossiam
2024 910 2077 949 ad

387 985 665 1027 Occidentem
685 985 887 1026 aestivum
919 986 1089 1035 directa,
1122 985 1165 1026 in
1197 984 1351 1026 Sibiria
1382 985 1434 1024 ad
1463 984 1697 1026 Orientem.
1756 987 1805 1026 In
1835 984 1973 1040 Ingria
2002 984 2076 1026 vix

387 1076 568 1116 unquam
599 1062 774 1117 capitur,
806 1061 901 1117 quia
931 1077 1014 1102 non
1046 1061 1248 1112 considet,
1281 1060 1383 1103 licet
1413 1060 1581 1117 copiose
1611 1061 1906 1117 transmigrans
1937 1060 2075 1102 audia-

386 1149 465 1178 tur.
525 1139 628 1176 Sunt
656 1137 699 1177 in
730 1137 826 1177 cibo
857 1136 1096 1177 deliciosae.

523 1214 697 1254 Descr.
754 1215 916 1254 Ansere
947 1212 1110 1266 vulgari
1137 1213 1230 1270 plus
1261 1213 1443 1256 dimidio
1474 1213 1626 1256 minor.
1698 1216 1889 1256 Rostrum
1916 1212 2075 1270 pallide

387 1288 688 1338 rubicundum,
745 1303 881 1343 ungue
913 1288 1133 1329 albidiore.
1205 1292 1332 1332 Frons
1359 1291 1442 1331 late
1473 1291 1566 1331 alba
1584 1320 1597 1338 ,
1624 1305 1696 1332 ora
1726 1291 1853 1330 fusca.
1925 1292 2072 1346 Caput,

387 1367 549 1413 collum,
581 1364 908 1411 fusco-cinerea,
938 1351 1058 1419 supra
1089 1365 1317 1406 obscurius.
1374 1367 1569 1421 Jugulum
1596 1365 1807 1407 cinereum
1839 1366 2075 1422 plumarum

388 1438 574 1494 margine
605 1439 795 1479 exsoleto
824 1438 1045 1494 nitidoque
1075 1442 1429 1495 subsquamatnm.
1487 1443 1631 1485 Pectus
1661 1442 1869 1491 albidum,
1900 1441 2074 1483 maculis

386 1514 627 1556 transversis
657 1514 799 1570 nigris.
868 1518 1017 1556 Latera
1056 1516 1401 1567 fusco-cinerea,
1460 1519 1736 1571 subsqamata.
1813 1514 2076 1574 Uropygiuriz

386 1590 592 1647 nigricat,
647 1596 817 1632 crissum
857 1590 1012 1632 album.
1085 1592 1263 1632 Dorsum
1302 1592 1484 1642 fuscum,
1518 1607 1750 1650 gryseoque
1796 1604 2070 1649 squamatum.

386 1668 492 1708 Alae
521 1679 640 1708 extus
668 1666 1238 1714 coerulescenti-cinereae;
1269 1673 1452 1709 rectrices
1479 1669 1748 1710 secundariae
1778 1668 1964 1724 margine
1994 1681 2072 1710 ter-

386 1743 533 1784 minali
572 1744 692 1792 albo;
759 1749 932 1798 remiges
982 1743 1253 1785 secundariae
1297 1756 1408 1785 atrae
1454 1744 1569 1801 quasi
1612 1746 1828 1802 speculum
1869 1744 2070 1787 efficiunt.

385 1820 533 1860 Gauda
563 1821 700 1872 fusca,
745 1821 842 1860 albo
872 1820 1128 1875 marginata,
1172 1820 1397 1861 rectricum
1434 1829 1492 1863 16.
1565 1823 1691 1862 Pedes
1720 1821 1847 1862 rubri.
1906 1822 2070 1862 Pondus

386 1904 410 1945 4
439 1895 652 1937 librarum.
711 1899 904 1939 Mensura
932 1913 954 1937 a
977 1911 1138 1937 summo
1167 1908 1299 1937 rostro
1329 1898 1381 1936 ad
1412 1897 1659 1952 uropygium
1683 1899 1762 1938 12''.
1793 1912 2069 1955 expansarum

384 1971 541 2012 alarum
571 1972 910 2029 quadripedalis;
937 1973 1059 2014 ulnae
1090 1974 1246 2013 alarum
1283 1973 1362 2014 15⁹.
1393 1974 1548 2013 caudae
1578 1975 1636 2024 4⁸.
1669 1975 1737 2016 5²⁰.

495 2049 537 2093 β.
569 2049 608 2089 V
607 2054 757 2091 arietas
789 2050 857 2091 vel
885 2049 1034 2104 junior,
1065 2048 1109 2089 ni
1142 2049 1274 2098 fallor,
1305 2049 1444 2105 proles
1475 2061 1673 2091 autumno
1705 2049 1830 2090 simul
1858 2051 2068 2091 adventat:

384 2122 622 2173 simillima,
651 2130 777 2168 rostri·
798 2141 935 2181 ungue
962 2137 1008 2167 et
1037 2124 1177 2167 carina
1205 2126 1346 2180 nigra3
1376 2131 1510 2181 capite
1540 2127 1735 2182 colloque
1771 2125 1902 2183 magis
1929 2125 2070 2172 fuscis,-

384 2211 517 2242 ventre
555 2200 854 2251 immaculato,
893 2213 1056 2243 tantum
1094 2201 1536 2251 cinereo-nebu10s03
1584 2205 1724 2257 fronte
1761 2206 1971 2245 concolore
2002 2203 2068 2243 vel

384 2276 541 2332 exiguo
570 2288 732 2318 tantum
761 2279 946 2335 margine
978 2278 1121 2320 albido
1151 2289 1329 2319 rostrum
1356 2278 1579 2334 cingente5
1620 2281 1790 2335 pedibus
1818 2277 2067 2320 obsoletissi-

382 2366 449 2393 me
480 2354 729 2409 sordideque
760 2369 783 2395 e
814 2355 1108 2407 fusco-rubris,
1140 2353 1318 2396 diversa.
1375 2355 1483 2398 Alae
1511 2354 1613 2397 huic
1643 2356 1811 2398 tantillo
1840 2354 2061 2410 longiores,

372 2424 475 2468 licet
501 2427 592 2484 ipsa
624 2430 709 2472 fere
739 2431 896 2475 minor.
2019 2430 2024 2433 ’
