2175 2931
407 199 494 239 232
1171 199 1316 225 Ε

514 302 658 344 Rossis
691 303 742 344 ad
772 302 912 344 Obum
943 301 1205 355 Tschakwoi,
1267 310 1313 340 ut
1343 310 1386 340 et
1428 298 1608 341 Ostiacis
1639 315 1661 340 a
1689 313 1792 340 voce
1822 298 1904 341 hoc
1934 315 2087 342 nomen

566 390 714 420 exacte
744 377 1036 433 exprimente3
1069 376 1198 417 etiam
1228 377 1436 429 Morskaja
1455 401 1467 406 -
1485 376 1678 426 Casarca,
1711 377 1823 431 quod
1852 375 1896 416 in
1926 377 2088 432 paludi-

563 455 640 495 bus
670 455 842 496 Oceano
871 452 1023 494 vicinis
1052 452 1299 509 praesertim
1329 463 1526 494 versatur.

511 529 748 571 Calmuccis
778 532 968 571 Szmksur.

508 606 740 661 Samojedis
775 608 980 661 Tschczgu.

542 685 591 722 In
620 682 805 723 maxime
835 682 1074 724 borealibus
1105 683 1156 724 ad
1186 684 1327 725 Obum
1357 682 1550 733 fluvium,
1583 697 1722 724 versus
1753 699 1865 724 mare
1896 684 2088 739 glaciale,

397 757 618 814 quotannis
660 759 829 814 copiose
872 759 1075 799 nidificat.
1149 762 1197 799 In
1242 759 1404 814 reliqua
1445 759 1598 800 Sibiria
1628 760 1758 800 rarior
1787 760 1868 800 nisi
1896 772 2086 817 tempore

395 833 659 889 migrationis
710 835 914 884 vernalis,
987 850 1040 875 ex
1090 835 1265 877 Oriente
1317 836 1385 876 vel
1438 850 1586 875 occasu
1638 834 1829 889 hyberno
1873 837 2084 877 advolans.

396 909 728 959 Astrachaniae,
773 913 847 952 sub
890 913 1015 952 finem
1046 911 1262 952 Februarii
1301 922 1344 952 et
1373 910 1498 951 initio
1529 909 1699 959 Martii,
1745 925 1841 950 cum
1868 913 1967 952 Ans.
1998 928 2088 966 ery-

396 987 594 1042 thropode
626 986 795 1043 copiose
828 989 1046 1036 adventat,
1080 987 1165 1028 cito
1194 989 1476 1034 transvolans;
1541 989 1655 1037 Majo
1685 1001 1852 1036 mense,
1885 1003 2013 1042 quum
2041 986 2087 1027 in

397 1062 684 1117 septentrione
716 1078 844 1118 aquae
875 1063 1115 1114 solvuntur,
1147 1063 1370 1104 revertitur
1399 1075 1442 1103 et
1472 1077 1613 1103 versus
1646 1073 1788 1102 arcton
1819 1063 1920 1104 abit.
1981 1064 2085 1104 Cau-

392 1136 567 1178 tissima.
639 1140 768 1179 Volat
812 1139 973 1195 magnis
1016 1140 1235 1195 gregibus,
1292 1156 1504 1195 nunquam
1532 1138 1744 1187 solitaria,
1799 1139 2007 1195 phalange
2037 1139 2082 1194 in

393 1227 571 1253 cuneum
601 1213 815 1263 instructa,
844 1216 913 1256 vel
943 1216 1117 1271 obliquo
1148 1216 1295 1257 ordine
1325 1228 1372 1257 ut
1399 1219 1501 1257 Ans.
1533 1214 1783 1270 erythropus
1815 1227 1858 1256 et
1889 1215 2083 1270 vulgaris.

393 1290 508 1328 Inter
537 1291 764 1330 volandum
796 1291 1005 1345 garriunt,
1050 1304 1095 1332 ut
1125 1295 1177 1332 A.
1210 1295 1493 1348 Erythropus,
1549 1291 1622 1331 sed
1652 1290 1820 1345 propria
1849 1290 1950 1345 ipsis
1981 1305 2084 1331 voce

393 1365 696 1418 (Tschalzwoi),
728 1383 750 1406 a
780 1382 860 1422 qua
891 1367 1073 1408 Ostiacis
1105 1368 1381 1423 appellantur.
1440 1370 1479 1407 A
1510 1365 1652 1407 Russis
1681 1365 1829 1415 etiam,
1861 1377 2084 1422 propterea

395 1440 509 1493 quod
538 1450 701 1480 tantum
730 1442 774 1481 in
804 1442 1027 1497 paludibus
1056 1442 1160 1482 mari
1189 1442 1341 1483 vicinis
1369 1443 1601 1498 prolificat,
1655 1443 1864 1498 Morsltaja
1895 1444 2084 1483 Kasarka

393 1514 616 1566 (Bernicla
659 1516 897 1571 maritima)
941 1518 1082 1558 vocari
1123 1519 1242 1558 solet.
1315 1518 1633 1573 Quamprimum
1664 1531 1736 1556 ver
1764 1516 2010 1567 incalescit,
2059 1532 2082 1558 e

391 1589 569 1645 regione
606 1591 770 1644 sylvosa
805 1592 873 1631 vel
916 1592 1212 1648 temperatiore
1251 1593 1325 1633 ubi
1362 1592 1567 1648 tantisper
1598 1591 1802 1647 refugium
1834 1593 2081 1647 quaesitam,

393 1667 445 1706 ad
475 1665 694 1722 paludosas
724 1667 922 1722 planities
953 1668 1133 1709 arcticae
1163 1670 1311 1724 plagae
1343 1670 1507 1718 abeunt,
1540 1669 1611 1709 ubi
1642 1683 1717 1724 por
1747 1669 1919 1708 brevem
1955 1681 2082 1710 aesta-

389 1753 476 1782 tem
507 1741 617 1797 proli
647 1743 747 1782 dant
776 1759 972 1799 operam,
1026 1746 1189 1800 plumas
1219 1743 1434 1794 reficiunt,
1486 1746 1596 1785 unde
1627 1745 1700 1785 sub
1732 1746 1855 1784 finem
1890 1745 2076 1800 Augusti,

389 1817 527 1873 primo
572 1818 692 1872 gelu,
750 1820 888 1860 denuo
930 1819 975 1860 in
1007 1821 1227 1877 sylvestria
1258 1821 1394 1862 redire
1425 1831 1651 1876 coguntur,
1712 1835 1793 1859 non
1826 1819 1933 1858 ultra
1965 1827 2080 1864 582¹?

387 1893 626 1934 latitudinis
669 1897 841 1950 gradum
859 1927 871 1943 ‚
901 1899 1184 1952 tandemque,
1215 1896 1383 1937 nemine
1412 1897 1683 1945 observante,
1717 1895 1872 1950 quippe
1890 1895 2077 1936 diluculo

389 1970 634 2025 praesertim
664 1982 706 2011 et
734 1983 861 2012 noctu
891 1971 1129 2027 migrantes,
1163 1971 1406 2012 valedicunt
1438 1984 1532 2012 ante
1561 1973 1846 2013 confirmatam
1862 1969 2075 2025 hyemem.

384 2048 569 2086 Turmae
612 2048 820 2086 Anserum
866 2048 1117 2088 ruficollium
1173 2063 1382 2103 nunquam
1415 2048 1495 2088 nisi
1526 2047 1677 2104 apricis
1709 2046 1812 2087 locis
1844 2046 2075 2097 consident,

390 2123 544 2163 mirum
573 2122 616 2161 in
646 2123 815 2162 modum
846 2111 1097 2174 concordes,
1142 2136 1186 2164 ut
1216 2140 1297 2164 una
1327 2124 1726 2179 circumspectante,
1758 2136 1900 2163 omnes
1939 2122 2076 2178 capita

391 2199 493 2239 illuc
524 2208 714 2247 vertant,
758 2200 869 2239 unde
900 2199 1004 2239 ictui
1036 2199 1245 2240 difficiles.
1304 2201 1480 2241 Retibus
1510 2201 1553 2240 in
1586 2206 1679 2240 aere
1711 2196 1943 2254 suspensiS,
1976 2213 2075 2253 quas

389 2275 435 2314 in
465 2273 682 2315 itinerario
712 2275 913 2331 descripsi
944 2277 1200 2331 crepusculo,
1232 2287 1277 2316 ut
1308 2278 1414 2317 aliae
1445 2282 1623 2316 Anseres
1664 2275 1883 2331 capiuntur
1912 2284 1952 2313 et
1981 2287 2073 2328 pro-

392 2361 486 2404 pter
514 2351 842 2405 pulcritudinem
872 2351 916 2391 in
946 2352 1102 2407 oppida
1132 2351 1353 2392 mittuntur
1368 2364 1542 2407 suntque
1562 2353 1689 2392 etiarn
1718 2351 1762 2391 in
1793 2349 1889 2390 cibo
1920 2359 2071 2403 gratae.

395 2428 550 2478 Captae
579 2426 686 2466 intra
717 2443 868 2482 paucos
902 2426 992 2467 dies
1022 2426 1166 2483 privae
1198 2427 1301 2467 fiunt
1329 2440 1371 2468 et
1401 2443 1530 2469 avena
1560 2428 1801 2468 humectata
1820 2424 2067 2470 nutriuntur,
