<?xml version="1.0" encoding="UTF-8"?>
<!DOCTYPE html PUBLIC "-//W3C//DTD XHTML 1.0 Transitional//EN"
    "http://www.w3.org/TR/xhtml1/DTD/xhtml1-transitional.dtd">
<html xmlns="http://www.w3.org/1999/xhtml" xml:lang="en" lang="en">
 <head>
  <title>
</title>
<meta http-equiv="Content-Type" content="text/html;charset=utf-8" />
  <meta name='ocr-system' content='tesseract 3.04.00' />
  <meta name='ocr-capabilities' content='ocr_page ocr_carea ocr_par ocr_line ocrx_word'/>
</head>
<body>
  <div class='ocr_page' id='page_1' title='image "./zoographiarossoa22pall_0195.png"; bbox 0 0 2175 2931; ppageno 0'>
   <div class='ocr_carea' id='block_1_1' title="bbox 859 215 1002 222">
    <p class='ocr_par' dir='ltr' id='par_1_1' title="bbox 859 215 1002 222">
     <span class='ocr_line' id='line_1_1' title="bbox 859 215 1002 222; baseline 0 0"><span class='ocrx_word' id='word_1_1' title='bbox 859 215 1002 222; x_wconf 77' lang='lat'>——-—-</span> 
     </span>
    </p>
   </div>
   <div class='ocr_carea' id='block_1_2' title="bbox 97 204 1784 1259">
    <p class='ocr_par' dir='ltr' id='par_1_2' title="bbox 204 204 1773 505">
     <span class='ocr_line' id='line_1_2' title="bbox 1686 204 1769 243; baseline 0 0"><span class='ocrx_word' id='word_1_2' title='bbox 1686 204 1769 243; x_wconf 79' lang='lat'>¹79</span> 
     </span>
     <span class='ocr_line' id='line_1_3' title="bbox 204 295 1773 357; baseline 0.003 -18"><span class='ocrx_word' id='word_1_3' title='bbox 204 295 344 339; x_wconf 82' lang='lat' dir='ltr'>Rossis</span> <span class='ocrx_word' id='word_1_4' title='bbox 389 296 588 342; x_wconf 63' lang='lat' dir='ltr'>Sukale&#39;m</span> <span class='ocrx_word' id='word_1_5' title='bbox 626 296 671 336; x_wconf 89' lang='lat' dir='ltr'>in</span> <span class='ocrx_word' id='word_1_6' title='bbox 713 296 865 338; x_wconf 86' lang='lat' dir='ltr'>Sibiria</span> <span class='ocrx_word' id='word_1_7' title='bbox 906 297 1109 338; x_wconf 70' lang='lat' dir='ltr'>Awdotka</span> <span class='ocrx_word' id='word_1_8' title='bbox 1152 311 1194 339; x_wconf 88' lang='lat' dir='ltr'>et</span> <span class='ocrx_word' id='word_1_9' title='bbox 1228 299 1420 340; x_wconf 72' lang='lat' dir='ltr'>Awdotia</span> <span class='ocrx_word' id='word_1_10' title='bbox 1464 300 1648 357; x_wconf 79' lang='lat' dir='ltr'>itemque</span> <span class='ocrx_word' id='word_1_11' title='bbox 1693 303 1773 343; x_wconf 75' lang='lat' dir='ltr'>Ab·</span> 
     </span>
     <span class='ocr_line' id='line_1_4' title="bbox 261 371 1399 430; baseline 0.003 -17"><span class='ocrx_word' id='word_1_12' title='bbox 261 374 469 417; x_wconf 72' lang='lat' dir='ltr'>duschka;</span> <span class='ocrx_word' id='word_1_13' title='bbox 499 373 550 412; x_wconf 83' lang='lat' dir='ltr'>ad</span> <span class='ocrx_word' id='word_1_14' title='bbox 579 371 786 412; x_wconf 89' lang='lat' dir='ltr'>Jeniseam</span> <span class='ocrx_word' id='word_1_15' title='bbox 815 375 1114 414; x_wconf 65' lang='lat' dir='ltr'>Sherebecschilz</span> <span class='ocrx_word' id='word_1_16' title='bbox 1145 376 1356 430; x_wconf 83' lang='lat' dir='ltr'>(Equulus</span> <span class='ocrx_word' id='word_1_17' title='bbox 1369 380 1399 429; x_wconf 86' lang='lat'>).</span> 
     </span>
     <span class='ocr_line' id='line_1_5' title="bbox 204 447 1274 505; baseline 0.002 -16"><span class='ocrx_word' id='word_1_18' title='bbox 204 447 410 502; x_wconf 88' lang='lat' dir='ltr'>Tungusis</span> <span class='ocrx_word' id='word_1_19' title='bbox 439 449 658 502; x_wconf 64' lang='lat' dir='ltr'>Leglcikun.</span> <span class='ocrx_word' id='word_1_20' title='bbox 715 449 869 488; x_wconf 85' lang='lat' dir='ltr'>Jacutis</span> <span class='ocrx_word' id='word_1_21' title='bbox 903 450 1274 505; x_wconf 71' lang='lat' dir='ltr'>Tschohcschongb.</span> 
     </span>
    </p>

    <p class='ocr_par' dir='ltr' id='par_1_3' title="bbox 97 522 1784 1259">
     <span class='ocr_line' id='line_1_6' title="bbox 232 522 1778 583; baseline 0.004 -20"><span class='ocrx_word' id='word_1_22' title='bbox 232 527 280 563; x_wconf 88' lang='lat' dir='ltr'>In</span> <span class='ocrx_word' id='word_1_23' title='bbox 308 523 424 564; x_wconf 89' lang='lat' dir='ltr'>omni</span> <span class='ocrx_word' id='word_1_24' title='bbox 452 523 598 563; x_wconf 86' lang='lat' dir='ltr'>Rossia</span> <span class='ocrx_word' id='word_1_25' title='bbox 628 534 671 563; x_wconf 85' lang='lat' dir='ltr'>et</span> <span class='ocrx_word' id='word_1_26' title='bbox 699 522 852 563; x_wconf 86' lang='lat' dir='ltr'>Sibiria</span> <span class='ocrx_word' id='word_1_27' title='bbox 881 525 1105 564; x_wconf 72' lang='lat' dir='ltr'>admodum</span> <span class='ocrx_word' id='word_1_28' title='bbox 1136 526 1315 580; x_wconf 83' lang='lat' dir='ltr'>vulgaris</span> <span class='ocrx_word' id='word_1_29' title='bbox 1352 526 1397 567; x_wconf 89' lang='lat' dir='ltr'>in</span> <span class='ocrx_word' id='word_1_30' title='bbox 1427 528 1589 583; x_wconf 77' lang='lat' dir='ltr'>pascuis</span> <span class='ocrx_word' id='word_1_31' title='bbox 1631 539 1673 568; x_wconf 87' lang='lat' dir='ltr'>et</span> <span class='ocrx_word' id='word_1_32' title='bbox 1701 527 1778 569; x_wconf 81' lang='lat' dir='ltr'>cir-</span> 
     </span>
     <span class='ocr_line' id='line_1_7' title="bbox 98 597 1778 656; baseline 0.001 -14"><span class='ocrx_word' id='word_1_33' title='bbox 98 616 144 642; x_wconf 88' lang='lat' dir='ltr'>ca</span> <span class='ocrx_word' id='word_1_34' title='bbox 176 615 323 656; x_wconf 85' lang='lat' dir='ltr'>aquas,</span> <span class='ocrx_word' id='word_1_35' title='bbox 354 599 399 639; x_wconf 87' lang='lat' dir='ltr'>in</span> <span class='ocrx_word' id='word_1_36' title='bbox 428 598 669 654; x_wconf 82' lang='lat' dir='ltr'>temperatis</span> <span class='ocrx_word' id='word_1_37' title='bbox 698 597 854 654; x_wconf 86' lang='lat' dir='ltr'>pariter</span> <span class='ocrx_word' id='word_1_38' title='bbox 884 609 925 638; x_wconf 85' lang='lat' dir='ltr'>et</span> <span class='ocrx_word' id='word_1_39' title='bbox 968 598 1129 653; x_wconf 80' lang='lat' dir='ltr'>frigidis</span> <span class='ocrx_word' id='word_1_40' title='bbox 1159 602 1408 655; x_wconf 82' lang='lat' dir='ltr'>prolificanS.</span> <span class='ocrx_word' id='word_1_41' title='bbox 1481 603 1684 644; x_wconf 86' lang='lat' dir='ltr'>Omnium</span> <span class='ocrx_word' id='word_1_42' title='bbox 1713 619 1778 644; x_wconf 83' lang='lat' dir='ltr'>co·</span> 
     </span>
     <span class='ocr_line' id='line_1_8' title="bbox 97 673 1779 732; baseline 0.002 -16"><span class='ocrx_word' id='word_1_43' title='bbox 97 675 332 732; x_wconf 81' lang='lat' dir='ltr'>piosissima</span> <span class='ocrx_word' id='word_1_44' title='bbox 361 674 405 714; x_wconf 86' lang='lat' dir='ltr'>in</span> <span class='ocrx_word' id='word_1_45' title='bbox 434 675 593 730; x_wconf 84' lang='lat' dir='ltr'>campis</span> <span class='ocrx_word' id='word_1_46' title='bbox 624 673 876 714; x_wconf 82' lang='lat' dir='ltr'>Isetensibus</span> <span class='ocrx_word' id='word_1_47' title='bbox 906 684 948 714; x_wconf 90' lang='lat' dir='ltr'>et</span> <span class='ocrx_word' id='word_1_48' title='bbox 977 676 1296 727; x_wconf 78' lang='lat' dir='ltr'>Barabensibus,</span> <span class='ocrx_word' id='word_1_49' title='bbox 1330 679 1495 719; x_wconf 85' lang='lat' dir='ltr'>lacuum</span> <span class='ocrx_word' id='word_1_50' title='bbox 1526 679 1779 719; x_wconf 79' lang='lat' dir='ltr'>abundantia</span> 
     </span>
     <span class='ocr_line' id='line_1_9' title="bbox 99 748 1780 810; baseline 0.002 -19"><span class='ocrx_word' id='word_1_51' title='bbox 99 750 379 792; x_wconf 84' lang='lat' dir='ltr'>eminentibus</span> <span class='ocrx_word' id='word_1_52' title='bbox 407 761 452 790; x_wconf 91' lang='lat' dir='ltr'>et</span> <span class='ocrx_word' id='word_1_53' title='bbox 481 751 637 805; x_wconf 86' lang='lat' dir='ltr'>ubique</span> <span class='ocrx_word' id='word_1_54' title='bbox 667 749 711 790; x_wconf 88' lang='lat' dir='ltr'>in</span> <span class='ocrx_word' id='word_1_55' title='bbox 743 748 891 805; x_wconf 81' lang='lat' dir='ltr'>apricis</span> <span class='ocrx_word' id='word_1_56' title='bbox 923 751 972 789; x_wconf 91' lang='lat' dir='ltr'>ab</span> <span class='ocrx_word' id='word_1_57' title='bbox 1018 749 1179 792; x_wconf 83' lang='lat' dir='ltr'>oriente</span> <span class='ocrx_word' id='word_1_58' title='bbox 1207 752 1301 807; x_wconf 85' lang='lat' dir='ltr'>Jugi</span> <span class='ocrx_word' id='word_1_59' title='bbox 1331 755 1543 795; x_wconf 86' lang='lat' dir='ltr'>uralensis.</span> <span class='ocrx_word' id='word_1_60' title='bbox 1615 757 1655 795; x_wconf 88' lang='lat' dir='ltr'>A</span> <span class='ocrx_word' id='word_1_61' title='bbox 1698 754 1780 810; x_wconf 85' lang='lat' dir='ltr'>pri·</span> 
     </span>
     <span class='ocr_line' id='line_1_10' title="bbox 99 825 1780 886; baseline 0.002 -19"><span class='ocrx_word' id='word_1_62' title='bbox 99 841 167 867; x_wconf 84' lang='lat' dir='ltr'>mo</span> <span class='ocrx_word' id='word_1_63' title='bbox 197 841 323 875; x_wconf 84' lang='lat' dir='ltr'>vere,</span> <span class='ocrx_word' id='word_1_64' title='bbox 370 841 496 880; x_wconf 86' lang='lat' dir='ltr'>quum</span> <span class='ocrx_word' id='word_1_65' title='bbox 524 840 598 881; x_wconf 82' lang='lat' dir='ltr'>per</span> <span class='ocrx_word' id='word_1_66' title='bbox 634 825 750 881; x_wconf 88' lang='lat' dir='ltr'>paria</span> <span class='ocrx_word' id='word_1_67' title='bbox 792 828 1089 880; x_wconf 81' lang='lat' dir='ltr'>conjugantur,</span> <span class='ocrx_word' id='word_1_68' title='bbox 1136 838 1226 868; x_wconf 84' lang='lat' dir='ltr'>toto</span> <span class='ocrx_word' id='word_1_69' title='bbox 1269 828 1550 871; x_wconf 79' lang='lat' dir='ltr'>incubationis</span> <span class='ocrx_word' id='word_1_70' title='bbox 1592 842 1780 886; x_wconf 88' lang='lat' dir='ltr'>tempore</span> 
     </span>
     <span class='ocr_line' id='line_1_11' title="bbox 99 900 1783 960; baseline 0.001 -18"><span class='ocrx_word' id='word_1_71' title='bbox 99 901 448 949; x_wconf 84' lang='lat' dir='ltr'>clamosissimae,</span> <span class='ocrx_word' id='word_1_72' title='bbox 481 912 576 940; x_wconf 83' lang='lat' dir='ltr'>ante</span> <span class='ocrx_word' id='word_1_73' title='bbox 607 900 1009 956; x_wconf 80' lang='lat' dir='ltr'>adpropinquantem</span> <span class='ocrx_word' id='word_1_74' title='bbox 1040 901 1258 943; x_wconf 88' lang='lat' dir='ltr'>hominem</span> <span class='ocrx_word' id='word_1_75' title='bbox 1280 902 1427 960; x_wconf 87' lang='lat' dir='ltr'>inepto</span> <span class='ocrx_word' id='word_1_76' title='bbox 1457 907 1599 946; x_wconf 82' lang='lat' dir='ltr'>volatu</span> <span class='ocrx_word' id='word_1_77' title='bbox 1628 917 1670 946; x_wconf 89' lang='lat' dir='ltr'>et</span> <span class='ocrx_word' id='word_1_78' title='bbox 1698 917 1783 945; x_wconf 85' lang='lat' dir='ltr'>tae-</span> 
     </span>
     <span class='ocr_line' id='line_1_12' title="bbox 100 976 1780 1035; baseline 0.002 -18"><span class='ocrx_word' id='word_1_79' title='bbox 100 976 336 1018; x_wconf 84' lang='lat' dir='ltr'>diosissimo</span> <span class='ocrx_word' id='word_1_80' title='bbox 368 976 547 1016; x_wconf 74' lang='lat' dir='ltr'>fistulata</span> <span class='ocrx_word' id='word_1_81' title='bbox 577 977 723 1031; x_wconf 87' lang='lat' dir='ltr'>(quasi</span> <span class='ocrx_word' id='word_1_82' title='bbox 753 976 968 1017; x_wconf 85' lang='lat' dir='ltr'>hinnitum</span> <span class='ocrx_word' id='word_1_83' title='bbox 997 977 1103 1032; x_wconf 85' lang='lat' dir='ltr'>pulli</span> <span class='ocrx_word' id='word_1_84' title='bbox 1145 979 1288 1034; x_wconf 87' lang='lat' dir='ltr'>equini</span> <span class='ocrx_word' id='word_1_85' title='bbox 1330 981 1567 1035; x_wconf 82' lang='lat' dir='ltr'>referente)</span> <span class='ocrx_word' id='word_1_86' title='bbox 1608 981 1780 1021; x_wconf 67' lang='lat' dir='ltr'>circum-</span> 
     </span>
     <span class='ocr_line' id='line_1_13' title="bbox 100 1051 1784 1107; baseline 0.002 -15"><span class='ocrx_word' id='word_1_87' title='bbox 100 1063 296 1107; x_wconf 73' lang='lat' dir='ltr'>vagantes</span> <span class='ocrx_word' id='word_1_88' title='bbox 340 1063 383 1092; x_wconf 89' lang='lat' dir='ltr'>et</span> <span class='ocrx_word' id='word_1_89' title='bbox 426 1051 699 1092; x_wconf 84' lang='lat' dir='ltr'>incommodi.</span> <span class='ocrx_word' id='word_1_90' title='bbox 771 1053 964 1093; x_wconf 85' lang='lat' dir='ltr'>Volantis</span> <span class='ocrx_word' id='word_1_91' title='bbox 996 1052 1122 1094; x_wconf 85' lang='lat' dir='ltr'>fascia</span> <span class='ocrx_word' id='word_1_92' title='bbox 1154 1055 1311 1095; x_wconf 82' lang='lat' dir='ltr'>alarum</span> <span class='ocrx_word' id='word_1_93' title='bbox 1342 1056 1459 1105; x_wconf 82' lang='lat' dir='ltr'>alba,</span> <span class='ocrx_word' id='word_1_94' title='bbox 1504 1072 1597 1097; x_wconf 86' lang='lat' dir='ltr'>cum</span> <span class='ocrx_word' id='word_1_95' title='bbox 1629 1055 1784 1096; x_wconf 86' lang='lat' dir='ltr'>albedi—</span> 
     </span>
     <span class='ocr_line' id='line_1_14' title="bbox 100 1116 1783 1186; baseline 0.001 -17"><span class='ocrx_word' id='word_1_96' title='bbox 100 1116 152 1169; x_wconf 86' lang='lat' dir='ltr'>ne</span> <span class='ocrx_word' id='word_1_97' title='bbox 182 1127 303 1184; x_wconf 85' lang='lat' dir='ltr'>proni</span> <span class='ocrx_word' id='word_1_98' title='bbox 334 1127 517 1182; x_wconf 83' lang='lat' dir='ltr'>corporis</span> <span class='ocrx_word' id='word_1_99' title='bbox 547 1142 712 1167; x_wconf 77' lang='lat' dir='ltr'>crucem</span> <span class='ocrx_word' id='word_1_100' title='bbox 742 1128 893 1174; x_wconf 84' lang='lat' dir='ltr'>refert,</span> <span class='ocrx_word' id='word_1_101' title='bbox 923 1129 1032 1168; x_wconf 84' lang='lat' dir='ltr'>unde</span> <span class='ocrx_word' id='word_1_102' title='bbox 1066 1130 1282 1170; x_wconf 86' lang='lat' dir='ltr'>Germanis</span> <span class='ocrx_word' id='word_1_103' title='bbox 1312 1133 1618 1186; x_wconf 72' lang='lat' dir='ltr'>Kreuzsclznepfi</span> <span class='ocrx_word' id='word_1_104' title='bbox 1677 1132 1783 1180; x_wconf 79' lang='lat' dir='ltr'><em>Ova,</em></span> 
     </span>
     <span class='ocr_line' id='line_1_15' title="bbox 100 1203 1583 1259; baseline 0.003 -16"><span class='ocrx_word' id='word_1_105' title='bbox 100 1214 266 1259; x_wconf 82' lang='lat' dir='ltr'>praeter</span> <span class='ocrx_word' id='word_1_106' title='bbox 295 1203 477 1251; x_wconf 86' lang='lat' dir='ltr'>molem,</span> <span class='ocrx_word' id='word_1_107' title='bbox 508 1214 553 1242; x_wconf 85' lang='lat' dir='ltr'>ut</span> <span class='ocrx_word' id='word_1_108' title='bbox 581 1214 623 1242; x_wconf 87' lang='lat' dir='ltr'>et</span> <span class='ocrx_word' id='word_1_109' title='bbox 652 1203 795 1250; x_wconf 81' lang='lat' dir='ltr'>nidus,</span> <span class='ocrx_word' id='word_1_110' title='bbox 825 1203 1041 1244; x_wconf 83' lang='lat' dir='ltr'>simillima</span> <span class='ocrx_word' id='word_1_111' title='bbox 1071 1204 1171 1245; x_wconf 88' lang='lat' dir='ltr'>nido</span> <span class='ocrx_word' id='word_1_112' title='bbox 1203 1216 1244 1245; x_wconf 85' lang='lat' dir='ltr'>et</span> <span class='ocrx_word' id='word_1_113' title='bbox 1282 1205 1370 1245; x_wconf 87' lang='lat' dir='ltr'>ovis</span> <span class='ocrx_word' id='word_1_114' title='bbox 1399 1207 1583 1247; x_wconf 88' lang='lat' dir='ltr'>Vanelli.</span> 
     </span>
    </p>
   </div>
   <div class='ocr_carea' id='block_1_3' title="bbox 103 1278 1783 1408">
    <p class='ocr_par' dir='ltr' id='par_1_4' title="bbox 103 1278 1783 1408">
     <span class='ocr_line' id='line_1_16' title="bbox 239 1278 1783 1334; baseline 0.004 -18"><span class='ocrx_word' id='word_1_115' title='bbox 239 1279 313 1317; x_wconf 88' lang='lat' dir='ltr'>No</span> <span class='ocrx_word' id='word_1_116' title='bbox 326 1288 354 1317; x_wconf 77' lang='lat' dir='ltr'>t.</span> <span class='ocrx_word' id='word_1_117' title='bbox 386 1278 426 1316; x_wconf 83' lang='lat' dir='ltr'><em>V</em></span> <span class='ocrx_word' id='word_1_118' title='bbox 423 1282 530 1317; x_wconf 69' lang='lat' dir='ltr'>ariae</span> <span class='ocrx_word' id='word_1_119' title='bbox 559 1278 669 1317; x_wconf 89' lang='lat' dir='ltr'>collo</span> <span class='ocrx_word' id='word_1_120' title='bbox 700 1291 875 1332; x_wconf 83' lang='lat' dir='ltr'>gryseo‚</span> <span class='ocrx_word' id='word_1_121' title='bbox 906 1279 1130 1334; x_wconf 82' lang='lat' dir='ltr'>albidoque</span> <span class='ocrx_word' id='word_1_122' title='bbox 1160 1281 1440 1321; x_wconf 83' lang='lat' dir='ltr'>subundulato</span> <span class='ocrx_word' id='word_1_123' title='bbox 1470 1283 1538 1321; x_wconf 84' lang='lat' dir='ltr'>vel</span> <span class='ocrx_word' id='word_1_124' title='bbox 1568 1282 1783 1323; x_wconf 81' lang='lat' dir='ltr'>nebuloso.</span> 
     </span>
     <span class='ocr_line' id='line_1_17' title="bbox 103 1352 982 1408; baseline -0.002 -13"><span class='ocrx_word' id='word_1_125' title='bbox 103 1352 291 1395; x_wconf 84' lang='lat' dir='ltr'>Maxime</span> <span class='ocrx_word' id='word_1_126' title='bbox 324 1366 496 1408; x_wconf 85' lang='lat' dir='ltr'>procera</span> <span class='ocrx_word' id='word_1_127' title='bbox 525 1353 610 1392; x_wconf 82' lang='lat' dir='ltr'>fere</span> <span class='ocrx_word' id='word_1_128' title='bbox 641 1352 686 1392; x_wconf 89' lang='lat' dir='ltr'>in</span> <span class='ocrx_word' id='word_1_129' title='bbox 714 1368 787 1393; x_wconf 84' lang='lat' dir='ltr'>suo</span> <span class='ocrx_word' id='word_1_130' title='bbox 816 1367 982 1407; x_wconf 86' lang='lat' dir='ltr'>genere.</span> 
     </span>
    </p>
   </div>
   <div class='ocr_carea' id='block_1_4' title="bbox 507 1477 1383 1535">
    <p class='ocr_par' dir='ltr' id='par_1_5' title="bbox 507 1477 1383 1535">
     <span class='ocr_line' id='line_1_18' title="bbox 507 1477 1383 1535; baseline -0.006 -8"><span class='ocrx_word' id='word_1_131' title='bbox 507 1491 621 1535; x_wconf 74' lang='lat'><strong>290.</strong></span> <span class='ocrx_word' id='word_1_132' title='bbox 715 1478 1030 1522; x_wconf 83' lang='lat' dir='ltr'>LIMOSA</span> <span class='ocrx_word' id='word_1_133' title='bbox 1104 1477 1383 1522; x_wconf 71' lang='lat' dir='ltr'>Glottis.</span> 
     </span>
    </p>
   </div>
   <div class='ocr_carea' id='block_1_5' title="bbox 108 1581 1791 2474">
    <p class='ocr_par' dir='ltr' id='par_1_6' title="bbox 108 1581 1791 2474">
     <span class='ocr_line' id='line_1_19' title="bbox 243 1581 1788 1642; baseline 0.004 -21"><span class='ocrx_word' id='word_1_134' title='bbox 243 1583 289 1621; x_wconf 93' lang='lat' dir='ltr'>L.</span> <span class='ocrx_word' id='word_1_135' title='bbox 322 1593 452 1623; x_wconf 85' lang='lat' dir='ltr'>rostro</span> <span class='ocrx_word' id='word_1_136' title='bbox 482 1582 759 1623; x_wconf 82' lang='lat' dir='ltr'>adscendente</span> <span class='ocrx_word' id='word_1_137' title='bbox 788 1584 1013 1631; x_wconf 83' lang='lat' dir='ltr'>subrubro,</span> <span class='ocrx_word' id='word_1_138' title='bbox 1058 1581 1236 1638; x_wconf 83' lang='lat' dir='ltr'>pedibus</span> <span class='ocrx_word' id='word_1_139' title='bbox 1280 1583 1447 1634; x_wconf 85' lang='lat' dir='ltr'>lividis,</span> <span class='ocrx_word' id='word_1_140' title='bbox 1494 1599 1666 1642; x_wconf 83' lang='lat' dir='ltr'>corpore</span> <span class='ocrx_word' id='word_1_141' title='bbox 1696 1599 1788 1641; x_wconf 72' lang='lat' dir='ltr'>gry—</span> 
     </span>
     <span class='ocr_line' id='line_1_20' title="bbox 108 1658 533 1700; baseline -0.005 -1"><span class='ocrx_word' id='word_1_142' title='bbox 108 1673 177 1700; x_wconf 85' lang='lat' dir='ltr'>seo</span> <span class='ocrx_word' id='word_1_143' title='bbox 206 1659 320 1699; x_wconf 83' lang='lat' dir='ltr'>fusco</span> <span class='ocrx_word' id='word_1_144' title='bbox 350 1658 533 1698; x_wconf 84' lang='lat' dir='ltr'>liturato.</span> 
     </span>
     <span class='ocr_line' id='line_1_21' title="bbox 326 1732 1434 1788; baseline 0.003 -15"><span class='ocrx_word' id='word_1_145' title='bbox 326 1732 527 1774; x_wconf 81' lang='lat' dir='ltr'>Pluvialis</span> <span class='ocrx_word' id='word_1_146' title='bbox 557 1737 709 1786; x_wconf 76' lang='lat' dir='ltr'>major,</span> <span class='ocrx_word' id='word_1_147' title='bbox 741 1734 879 1774; x_wconf 83' lang='lat' dir='ltr'>Albin.</span> <span class='ocrx_word' id='word_1_148' title='bbox 910 1749 974 1774; x_wconf 85' lang='grc' dir='ltr'>αυ.</span> <span class='ocrx_word' id='word_1_149' title='bbox 1003 1735 1056 1773; x_wconf 85' lang='lat' dir='ltr'>II.</span> <span class='ocrx_word' id='word_1_150' title='bbox 1088 1750 1127 1788; x_wconf 87' lang='lat' dir='ltr'>p.</span> <span class='ocrx_word' id='word_1_151' title='bbox 1159 1741 1224 1783; x_wconf 75' lang='grc'>43.</span> <span class='ocrx_word' id='word_1_152' title='bbox 1257 1735 1337 1774; x_wconf 77' lang='lat' dir='ltr'>tab.</span> <span class='ocrx_word' id='word_1_153' title='bbox 1370 1742 1434 1786; x_wconf 80' lang='lat'>69.</span> 
     </span>
     <span class='ocr_line' id='line_1_22' title="bbox 327 1809 1786 1866; baseline 0.001 -17"><span class='ocrx_word' id='word_1_154' title='bbox 327 1809 493 1850; x_wconf 81' lang='lat' dir='ltr'>Limosa</span> <span class='ocrx_word' id='word_1_155' title='bbox 523 1823 670 1864; x_wconf 82' lang='lat' dir='ltr'>gryseo</span> <span class='ocrx_word' id='word_1_156' title='bbox 701 1812 856 1863; x_wconf 83' lang='lat' dir='ltr'>major,</span> <span class='ocrx_word' id='word_1_157' title='bbox 903 1811 1082 1850; x_wconf 73' lang='lat' dir='ltr'>Brisson.</span> <span class='ocrx_word' id='word_1_158' title='bbox 1113 1825 1197 1850; x_wconf 81' lang='lat' dir='ltr'>orn.</span> <span class='ocrx_word' id='word_1_159' title='bbox 1229 1812 1277 1850; x_wconf 91' lang='lat' dir='ltr'>V.</span> <span class='ocrx_word' id='word_1_160' title='bbox 1310 1827 1348 1865; x_wconf 63' lang='lat' dir='ltr'>p·</span> <span class='ocrx_word' id='word_1_161' title='bbox 1383 1828 1472 1864; x_wconf 87' lang='lat'><strong>272.</strong></span> <span class='ocrx_word' id='word_1_162' title='bbox 1505 1811 1587 1851; x_wconf 82' lang='lat' dir='ltr'>tab.</span> <span class='ocrx_word' id='word_1_163' title='bbox 1621 1819 1683 1860; x_wconf 71' lang='grc'>24.</span> <span class='ocrx_word' id='word_1_164' title='bbox 1703 1812 1786 1866; x_wconf 77' lang='lat' dir='ltr'>fig.</span> 
     </span>
     <span class='ocr_line' id='line_1_23' title="bbox 386 1886 1034 1926; baseline 0.003 -2"><span class='ocrx_word' id='word_1_165' title='bbox 386 1903 422 1925; x_wconf 80' lang='lat'>2.</span> <span class='ocrx_word' id='word_1_166' title='bbox 453 1886 612 1925; x_wconf 77' lang='lat' dir='ltr'>Marsil.</span> <span class='ocrx_word' id='word_1_167' title='bbox 646 1886 740 1925; x_wconf 80' lang='lat' dir='ltr'>dan.</span> <span class='ocrx_word' id='word_1_168' title='bbox 772 1887 821 1925; x_wconf 83' lang='lat' dir='ltr'>V.</span> <span class='ocrx_word' id='word_1_169' title='bbox 852 1886 936 1926; x_wconf 75' lang='lat' dir='ltr'>tab.</span> <span class='ocrx_word' id='word_1_170' title='bbox 971 1903 1034 1926; x_wconf 85' lang='grc'>22.</span> 
     </span>
     <span class='ocr_line' id='line_1_24' title="bbox 329 1960 1515 2016; baseline -0.001 -15"><span class='ocrx_word' id='word_1_171' title='bbox 329 1964 472 2001; x_wconf 83' lang='lat' dir='ltr'>Lesser</span> <span class='ocrx_word' id='word_1_172' title='bbox 504 1960 696 2010; x_wconf 59' lang='lat' dir='ltr'>Godwst,</span> <span class='ocrx_word' id='word_1_173' title='bbox 730 1962 845 2003; x_wconf 84' lang='lat' dir='ltr'>Zool.</span> <span class='ocrx_word' id='word_1_174' title='bbox 875 1962 967 2002; x_wconf 70' lang='lat' dir='ltr'>brit.</span> <span class='ocrx_word' id='word_1_175' title='bbox 998 1977 1037 2016; x_wconf 84' lang='lat' dir='ltr'>p.</span> <span class='ocrx_word' id='word_1_176' title='bbox 1076 1978 1160 2001; x_wconf 73' lang='lat'>120.</span> <span class='ocrx_word' id='word_1_177' title='bbox 1191 1977 1248 2016; x_wconf 81' lang='lat' dir='ltr'>sp.</span> <span class='ocrx_word' id='word_1_178' title='bbox 1283 1969 1321 2002; x_wconf 83' lang='lat'>3.</span> <span class='ocrx_word' id='word_1_179' title='bbox 1354 1963 1436 2002; x_wconf 75' lang='lat' dir='ltr'>tab.</span> <span class='ocrx_word' id='word_1_180' title='bbox 1466 1964 1515 2002; x_wconf 89' lang='grc' dir='ltr'>Β.</span> 
     </span>
     <span class='ocr_line' id='line_1_25' title="bbox 331 2037 1569 2094; baseline 0.002 -18"><span class='ocrx_word' id='word_1_181' title='bbox 331 2037 538 2091; x_wconf 78' lang='lat' dir='ltr'>Scolopax</span> <span class='ocrx_word' id='word_1_182' title='bbox 569 2037 745 2086; x_wconf 83' lang='lat' dir='ltr'>Glottis‚</span> <span class='ocrx_word' id='word_1_183' title='bbox 777 2040 864 2077; x_wconf 81' lang='lat' dir='ltr'>Lin.</span> <span class='ocrx_word' id='word_1_184' title='bbox 895 2048 998 2090; x_wconf 72' lang='lat' dir='ltr'>syst.</span> <span class='ocrx_word' id='word_1_185' title='bbox 1029 2039 1123 2077; x_wconf 86' lang='lat' dir='ltr'><em>XII.</em></span> <span class='ocrx_word' id='word_1_186' title='bbox 1154 2040 1186 2077; x_wconf 88' lang='lat' dir='ltr'>I.</span> <span class='ocrx_word' id='word_1_187' title='bbox 1218 2055 1256 2093; x_wconf 80' lang='lat' dir='ltr'>p.</span> <span class='ocrx_word' id='word_1_188' title='bbox 1289 2045 1380 2087; x_wconf 66' lang='grc'><strong>245.</strong></span> <span class='ocrx_word' id='word_1_189' title='bbox 1410 2054 1471 2094; x_wconf 74' lang='lat' dir='ltr'>sp.</span> <span class='ocrx_word' id='word_1_190' title='bbox 1510 2055 1569 2078; x_wconf 90' lang='lat'>10.</span> 
     </span>
     <span class='ocr_line' id='line_1_26' title="bbox 332 2109 1791 2169; baseline 0.001 -17"><span class='ocrx_word' id='word_1_191' title='bbox 332 2109 629 2161; x_wconf 74' lang='lat' dir='ltr'>Greenshank,</span> <span class='ocrx_word' id='word_1_192' title='bbox 661 2113 781 2153; x_wconf 83' lang='lat' dir='ltr'>Penn.</span> <span class='ocrx_word' id='word_1_193' title='bbox 814 2116 927 2153; x_wconf 83' lang='lat' dir='ltr'>Zool.</span> <span class='ocrx_word' id='word_1_194' title='bbox 959 2122 1058 2151; x_wconf 75' lang='lat' dir='ltr'>aret.</span> <span class='ocrx_word' id='word_1_195' title='bbox 1090 2115 1143 2152; x_wconf 90' lang='grc' dir='ltr'>ΙΙ.</span> <span class='ocrx_word' id='word_1_196' title='bbox 1175 2131 1213 2169; x_wconf 79' lang='lat' dir='ltr'>p.</span> <span class='ocrx_word' id='word_1_197' title='bbox 1246 2121 1338 2164; x_wconf 72' lang='lat'>469.</span> <span class='ocrx_word' id='word_1_198' title='bbox 1383 2130 1420 2153; x_wconf 86' lang='grc' dir='ltr'>η.</span> <span class='ocrx_word' id='word_1_199' title='bbox 1455 2121 1545 2165; x_wconf 74' lang='lat'><strong>379.</strong></span> <span class='ocrx_word' id='word_1_200' title='bbox 1603 2115 1791 2154; x_wconf 70' lang='lat' dir='ltr'>Latham.</span> 
     </span>
     <span class='ocr_line' id='line_1_27' title="bbox 394 2188 906 2241; baseline -0.002 -15"><span class='ocrx_word' id='word_1_201' title='bbox 394 2203 458 2226; x_wconf 82' lang='lat' dir='ltr'>av.</span> <span class='ocrx_word' id='word_1_202' title='bbox 490 2188 537 2225; x_wconf 72' lang='lat' dir='ltr'>V.</span> <span class='ocrx_word' id='word_1_203' title='bbox 569 2203 607 2241; x_wconf 81' lang='lat' dir='ltr'>p.</span> <span class='ocrx_word' id='word_1_204' title='bbox 647 2196 732 2238; x_wconf 72' lang='lat'>147.</span> <span class='ocrx_word' id='word_1_205' title='bbox 764 2201 802 2225; x_wconf 86' lang='grc' dir='ltr'>η.</span> <span class='ocrx_word' id='word_1_206' title='bbox 847 2191 906 2226; x_wconf 74' lang='grc'>18.</span> 
     </span>
     <span class='ocr_line' id='line_1_28' title="bbox 255 2261 1791 2315; baseline 0.001 -11"><span class='ocrx_word' id='word_1_207' title='bbox 255 2267 303 2304; x_wconf 92' lang='lat' dir='ltr'>In</span> <span class='ocrx_word' id='word_1_208' title='bbox 335 2261 576 2303; x_wconf 77' lang='lat' dir='ltr'>australibus</span> <span class='ocrx_word' id='word_1_209' title='bbox 608 2262 802 2309; x_wconf 62' lang='lat' dir='ltr'>Rossiue,</span> <span class='ocrx_word' id='word_1_210' title='bbox 845 2262 954 2302; x_wconf 83' lang='lat' dir='ltr'>circa</span> <span class='ocrx_word' id='word_1_211' title='bbox 984 2266 1156 2315; x_wconf 81' lang='lat' dir='ltr'>majores</span> <span class='ocrx_word' id='word_1_212' title='bbox 1200 2263 1370 2312; x_wconf 78' lang='lat' dir='ltr'>fluvios,</span> <span class='ocrx_word' id='word_1_213' title='bbox 1418 2274 1614 2305; x_wconf 82' lang='lat' dir='ltr'>autumno</span> <span class='ocrx_word' id='word_1_214' title='bbox 1644 2277 1791 2306; x_wconf 79' lang='lat' dir='ltr'>turma—</span> 
     </span>
     <span class='ocr_line' id='line_1_29' title="bbox 115 2336 1790 2395; baseline -0.001 -13"><span class='ocrx_word' id='word_1_215' title='bbox 115 2341 192 2382; x_wconf 88' lang='lat' dir='ltr'>tim</span> <span class='ocrx_word' id='word_1_216' title='bbox 238 2350 432 2395; x_wconf 84' lang='lat' dir='ltr'>apparet:</span> <span class='ocrx_word' id='word_1_217' title='bbox 492 2341 569 2377; x_wconf 74' lang='lat' dir='ltr'>Per</span> <span class='ocrx_word' id='word_1_218' title='bbox 611 2336 806 2377; x_wconf 75' lang='lat' dir='ltr'>Sibiriam</span> <span class='ocrx_word' id='word_1_219' title='bbox 846 2336 953 2377; x_wconf 85' lang='lat' dir='ltr'>mihi</span> <span class='ocrx_word' id='word_1_220' title='bbox 996 2352 1078 2378; x_wconf 90' lang='lat' dir='ltr'>non</span> <span class='ocrx_word' id='word_1_221' title='bbox 1121 2338 1216 2378; x_wconf 86' lang='lat' dir='ltr'>visa.</span> <span class='ocrx_word' id='word_1_222' title='bbox 1299 2338 1568 2394; x_wconf 80' lang='lat' dir='ltr'>Sapidissima</span> <span class='ocrx_word' id='word_1_223' title='bbox 1613 2342 1699 2383; x_wconf 83' lang='lat' dir='ltr'>avis</span> <span class='ocrx_word' id='word_1_224' title='bbox 1747 2342 1790 2382; x_wconf 83' lang='lat' dir='ltr'>in</span> 
     </span>
     <span class='ocr_line' id='line_1_30' title="bbox 116 2428 272 2474; baseline -0.013 -17"><span class='ocrx_word' id='word_1_225' title='bbox 116 2428 272 2474; x_wconf 78' lang='lat' dir='ltr'>patina.</span> 
     </span>
    </p>
   </div>
   <div class='ocr_carea' id='block_1_6' title="bbox 1343 2501 1361 2518">
    <p class='ocr_par' dir='ltr' id='par_1_7' title="bbox 1343 2501 1361 2518">
     <span class='ocr_line' id='line_1_31' title="bbox 1343 2501 1361 2518; baseline 0 -3"><span class='ocrx_word' id='word_1_226' title='bbox 1343 2501 1361 2518; x_wconf 53' lang='grc' dir='ltr'><em>ἡ</em></span> 
     </span>
    </p>
   </div>
  </div>
 </body>
</html>
