2175 2931
276 288 503 347 Copiosum
542 291 707 333 culinae
736 295 1074 350 supplementum
1118 297 1307 353 Lagopus
1335 310 1411 352 per
1439 310 1607 338 omnem
1646 301 1812 341 Faunae

135 379 295 411 nostrae
325 367 532 409 ditionem
560 367 605 408 in
634 369 962 419 borealioribu53
1018 372 1062 413 in
1092 373 1307 429 europaeis
1350 373 1522 428 Imperii
1552 373 1762 416 ruthenici
1792 392 1815 417 a

133 444 294 487 Prussia
323 454 365 485 et
393 443 543 485 Suecia
571 459 699 498 usque
729 446 781 484 ad
812 446 1061 488 Casaniense
1094 464 1265 503 regnum
1296 448 1424 499 vivit,
1471 449 1619 499 rarius,
1651 465 1728 490 nee
1757 450 1817 491 ni-

135 521 169 562 si
199 520 353 576 hyeme
385 521 437 561 ad
465 531 646 560 austrum
675 532 885 575 evagatur.
943 525 1025 564 Sed
1056 524 1098 564 in
1130 525 1281 565 Sbrria
1313 524 1434 565 facile
1465 525 1600 575 omni,
1645 525 1749 568 locis
1778 542 1820 567 e-

134 598 238 637 tiam
268 595 442 652 apriciS,
470 595 506 636 si
535 598 661 638 modo
691 596 850 637 victum
881 602 1127 653 praebeant,
1161 600 1315 655 hyeme
1330 601 1594 656 praesertim,
1624 603 1818 657 frequens

135 684 226 719 θεῖς
279 671 561 727 copiosissima
594 672 637 712 in
669 672 850 713 maxime
882 673 1140 724 borealibus,
1194 677 1245 716 ad
1274 676 1517 718 oceanicam
1547 692 1675 734 usque
1704 692 1821 721 oram

134 747 373 804 glacialem,
404 747 477 788 ubi
506 748 659 804 reliqui
688 752 917 790 Tetraones
947 765 1042 790 cum
1072 751 1188 806 sylva
1217 753 1394 798 desunt‚·
1433 753 1714 810 copiosissimi
1745 753 1822 796 eti-

135 839 202 864 am
231 822 275 864 in
305 823 501 864 orientali
531 823 707 872 Sibiria,
736 835 825 865 tota
855 825 1025 882 alpestri
1054 838 1097 867 et
1126 826 1300 882 frigida,
1335 827 1463 884 inque
1493 831 1689 881 Dauuria,
1719 832 1822 874 licet

135 900 257 940 valde
288 900 341 940 ad
371 911 552 941 austrum
584 912 775 949 extensa,
804 902 858 943 ob
889 901 1052 958 alpinos
1081 901 1194 951 situs,
1224 902 1379 959 ubique
1411 905 1616 962 frequens.
1675 909 1822 948 Aesta-

134 985 178 1016 te
207 974 360 1031 partim
401 991 540 1016 versus
582 976 845 1032 frigidiorem
888 978 1228 1034 Septentrionem
1257 991 1297 1019 et
1327 979 1371 1021 in
1402 981 1540 1036 alpina
1572 981 1666 1023 loca
1698 994 1822 1039 atque

135 1053 230 1108 juga
258 1050 416 1091 nivalia
457 1054 658 1093 recedunt
675 1071 686 1099 ;
742 1052 896 1109 hyeme
924 1068 999 1109 per
1026 1055 1220 1110 ‘depressa
1250 1056 1448 1110 palustria
1479 1068 1521 1097 et
1550 1057 1592 1098 in
1623 1058 1754 1115 magis
1784 1074 1824 1100 a·

134 1125 270 1183 pricas
300 1125 489 1181 regiones
518 1127 822 1184 disperguntur.
894 1131 942 1168 ln
971 1129 1130 1185 campis
1166 1141 1309 1170 tamen
1353 1132 1605 1174 Isetensibus
1633 1145 1675 1174 et
1703 1137 1825 1175 Bara-

136 1202 332 1243 bensibus
368 1202 494 1242 vastis
523 1214 565 1244 et
595 1204 748 1258 palude
791 1204 1095 1244 abundantibus
1140 1205 1256 1245 omni
1285 1217 1474 1262 tempore
1505 1208 1603 1248 anni
1633 1210 1824 1265 frequen·

133 1288 247 1326 tant,
305 1287 348 1316 et
376 1276 420 1317 in
449 1277 686 1318 borealibus
717 1277 922 1332 plurimae
951 1278 1079 1318 etiam
1111 1279 1335 1334 hyemant,
1381 1268 1426 1322 ut
1460 1283 1590 1324 etiam
1619 1284 1732 1325 circa
1762 1288 1823 1326 Ia-

135 1351 312 1402 cutiam,
342 1351 430 1394 imo
460 1352 570 1393 circa
601 1352 803 1408 Schigan,
847 1351 1015 1403 Siktak,
1060 1355 1255 1395 Obdorsk
1284 1367 1328 1396 et
1356 1359 1595 1412 Kovyrnsk,
1628 1362 1702 1401 sub
1731 1360 1823 1417 ipsa

138 1439 253 1470 arcto
281 1427 481 1484 hyemem
512 1430 659 1470 ferant.
717 1430 933 1469 Scellero
962 1430 1208 1470 observante
1225 1447 1306 1472 non
1337 1433 1469 1473 solum
1486 1432 1530 1474 in
1561 1434 1821 1478 Camtschat·

135 1519 185 1545 ca
211 1504 381 1561 copiosa
410 1517 529 1556 sunt,
582 1506 654 1546 sed
686 1504 813 1545 etiam
844 1503 888 1544 in
917 1504 1063 1545 insulis
1093 1505 1203 1547 inter
1232 1507 1378 1549 Asiam
1407 1520 1450 1549 et
1482 1510 1719 1552 American]
1749 1513 1824 1554 bo·

134 1579 268 1621 reales
305 1580 469 1637 sparsis.
539 1584 587 1621 In
617 1580 751 1621 insula
781 1580 968 1637 Beringii
997 1581 1233 1637 gregariae,
1278 1583 1496 1626 hominem
1537 1585 1711 1628 minime
1742 1589 1825 1629 for-

136 1655 368 1706 midantes,
421 1667 468 1697 ut
498 1656 673 1698 fustibus
703 1656 842 1697 occidi
871 1669 914 1697 et
942 1657 986 1698 in
1016 1673 1098 1698 uno
1129 1659 1223 1699 loco
1253 1659 1361 1700 intra
1391 1660 1519 1702 horae
1560 1662 1741 1718 spatium
1771 1665 1825 1706 ad

136 1739 186 1774 60
231 1733 374 1788 sclopo
416 1732 557 1773 occidi
596 1731 830 1788 potuerint,
874 1747 1024 1787 magno
1064 1734 1353 1788 naufragorum
1396 1738 1560 1779 solatio.
1594 1765 1639 1771 —
1670 1742 1828 1781 Amant

135 1809 381 1866 praesertim
410 1807 582 1849 saliceta
613 1819 656 1848 et
684 1807 894 1856 betuleta,
935 1824 1110 1864 quorum
1138 1820 1181 1848 et
1211 1810 1295 1850 alni
1325 1814 1526 1866 gemmis,
1571 1816 1756 1862 rumuliS,
1787 1832 1825 1857 a·

135 1882 291 1926 mentis
321 1894 363 1924 et
390 1883 624 1925 turionibus
653 1882 863 1940 imprimis
893 1896 1135 1940 pascuntur,
1179 1885 1407 1928 seminibus
1437 1900 1650 1944 praeterea
1683 1890 1827 1939 varis,

137 1959 381 2016 praesertim
410 1961 737 2016 Polygonorum,
781 1960 921 2002 baccis
950 1960 1095 2009 variis,
1140 1977 1178 2001 v.
1209 1976 1268 2016 gr.
1302 1963 1559 2014 Lonicerae,
1605 1965 1826 2006 Vaccinio-

138 2049 247 2085 rum,
297 2036 467 2086 Arbuti,
512 2037 647 2086 Rubi,
692 2036 907 2093 Empetri,
943 2036 1077 2079 Orobi
1107 2036 1235 2078 etiam
1266 2038 1402 2087 foliis,
1436 2040 1622 2095 abiegnis
1652 2041 1826 2081 turioni-

139 2113 215 2153 bus
245 2123 287 2152 et
316 2111 408 2152 aliis
439 2113 758 2167 vegetabilibus.
818 2116 865 2152 In
895 2113 1260 2168 temperatioribus
1290 2116 1462 2156 Rossiae
1494 2116 1656 2172 Aprili,
1690 2116 1734 2156 in
1765 2116 1827 2158 Si-

140 2188 247 2229 biria
277 2185 432 2226 tardius
462 2195 633 2234 coeunt,
663 2187 767 2228 locis
796 2188 932 2243 planis
963 2188 1113 2243 apricis
1143 2191 1432 2241 cueurientes‚
1465 2207 1635 2248 crepera
1667 2203 1709 2232 et
1737 2206 1825 2233 cro-

137 2262 297 2304 citante
326 2277 449 2311 voce,
481 2262 686 2303 matutino
715 2263 959 2318 praesertim
987 2274 1194 2318 tempore,
1228 2277 1320 2320 post
1350 2277 1486 2306 ortum
1517 2267 1638 2308 Solis.
1702 2272 1749 2308 In
1764 2268 1825 2310 in-

135 2341 225 2380 sula
255 2336 441 2393 Beringti
470 2340 713 2394 Lagopodas
742 2338 865 2380 Junio
894 2341 1063 2381 demum
1093 2340 1182 2380 ovis
1211 2340 1443 2393 incubasse,
1474 2345 1726 2386 Stellertts
1756 2361 1824 2385 an·

139 2417 326 2467 notavit,
379 2413 424 2456 in
453 2414 606 2456 Sibiria
635 2414 724 2471 ipse
753 2414 865 2458 Julio
893 2415 1139 2458 incubantes
1167 2418 1405 2469 observavi,
1450 2435 1502 2460 an
1530 2435 1605 2477 pro
1646 2422 1826 2462 secunda

1355 2513 1382 2548 9
