2175 2931
869 191 1012 215 Ξ
1685 196 1768 235 149

209 292 250 337 β.
281 291 445 332 Femina
475 298 515 329 et
546 291 647 342 pulli
675 287 892 330 hornotini
921 292 1019 330 vere
1049 288 1170 344 hujus
1199 289 1355 346 speciei
1373 323 1383 340 ‚
1426 289 1651 332 dissimiles
1680 308 1769 348 per-

99 366 218 408 fectis
249 367 454 414 maribus,
498 364 679 403 referunt
721 364 765 404 id
803 367 915 419 quod
951 368 1273 415 BrissoniuS,
1318 368 1572 407 Linnaeus
1614 367 1770 423 aliique

98 457 174 497 pro
205 441 401 481 distincta
431 438 568 495 specie
598 438 855 489 habuerunt,
900 452 942 481 et
978 442 1292 483 Catesbaeus
1331 456 1496 497 quoque
1529 441 1771 484 delineavit.

97 520 186 557 Hae
227 527 469 572 personatae
510 513 554 554 in
591 514 743 554 Sibiria
787 516 964 570 passim,
1008 516 1268 570 migrationis
1310 529 1498 573 tempore
1545 519 1773 560 autumnali

100 592 357 633 transvolant
385 590 520 639 solae,
565 589 653 629 sine
695 590 900 640 maribus,
945 602 987 632 et
1014 591 1057 631 in
1088 591 1235 632 Russia
1277 607 1465 648 quoque,
1510 604 1601 633 utut
1630 594 1773 646 rarius,

102 668 396 715 observantur,
442 664 550 721 ripas
594 666 918 720 frequentantes·
990 668 1234 721 Magnitudo
1277 668 1344 709 his
1378 669 1591 717 Merulae3
1630 686 1775 726 corpus

97 756 217 798 supra
246 743 430 791 fuscum,
462 740 716 795 marginibus
745 741 979 796 plumarum
1009 744 1101 782 rufis
1130 759 1276 798 parum
1305 744 1585 799 variegatum,
1633 748 1774 788 subtus

99 817 306 864 albidum3
340 818 412 856 sed
440 817 627 871 jugulum
655 817 738 856 late
767 816 981 872 nigrescit.
1037 820 1194 868 Rostri,
1226 822 1373 875 pedum
1403 833 1444 861 et
1473 820 1600 861 totius
1629 837 1773 877 corpo·

97 892 152 932 ris
182 904 391 932 caeterum
422 893 552 932 forma
580 893 753 942 eadem,
795 894 950 948 pedum
991 893 1108 934 color
1143 895 1376 936 coccineus.
1448 896 1551 936 Vidi
1582 895 1775 938 interme-

95 967 184 1007 dias
228 966 348 1017 hujus
391 967 434 1007 in
474 968 706 1023 perfectum
750 967 1042 1009 histrionicum
1085 969 1278 1011 habiturn
1321 970 1596 1022 mutationes,
1640 983 1685 1013 ut
1723 974 1775 1014 de

95 1042 317 1084 identitate
345 1044 503 1100 speciei
532 1043 694 1084 nullum
724 1042 832 1084 mihi
861 1044 1034 1085 dubium
1073 1046 1263 1100 supersit.

535 1262 660 1312 XLI.
729 1260 1336 1313 GLAREOLA.

204 1499 294 1537 Hoc
324 1497 493 1538 nomine
523 1514 545 1537 a
574 1499 833 1538 Brissonio
874 1497 1054 1553 primum
1100 1496 1182 1538 hoc
1227 1511 1347 1537 sensu
1385 1495 1585 1553 imposito
1614 1496 1774 1554 placuit

94 1571 281 1612 indicare
311 1574 586 1614 Pratincolczm
615 1574 867 1622 Crameri,
899 1588 1023 1627 quam
1052 1576 1302 1614 Linnaeus
1331 1573 1457 1628 plane
1487 1584 1630 1614 contra
1659 1585 1774 1613 natu-

93 1662 180 1687 ram
212 1649 263 1687 ad
293 1648 547 1688 Hirundines
577 1647 789 1703 pertinere
820 1648 1027 1698 credidit,
1059 1664 1164 1702 quae
1193 1660 1335 1689 tamen
1365 1648 1504 1703 potius
1533 1648 1643 1689 inter
1660 1649 1774 1689 Gral-

89 1724 149 1764 las
181 1722 423 1778 (praecipue
454 1722 723 1776 Charadrios)
763 1733 804 1762 et
833 1724 997 1763 Sternas
1028 1723 1167 1763 media
1198 1735 1260 1763 est
1289 1735 1331 1763 et
1361 1727 1458 1764 vere
1488 1724 1594 1764 nulli
1625 1724 1775 1764 horum

92 1813 288 1853 generum
320 1810 432 1838 recte
463 1797 726 1838 adnumerari
755 1810 907 1853 potest.
989 1798 1123 1839 Rallis
1166 1799 1337 1853 quidem
1378 1809 1510 1839 rostro
1549 1797 1776 1838 subsimilis

91 1885 181 1921 est,
210 1875 278 1914 vel
308 1874 342 1914 si
372 1874 503 1914 mavis
534 1873 712 1913 similior
744 1874 930 1922 Cuculo;
962 1875 1115 1929 pedum
1147 1890 1244 1914 vero
1275 1885 1397 1928 atque
1427 1872 1655 1928 digitorum
1684 1889 1773 1928 pro-

91 1949 312 2006 portione,
354 1961 399 1989 ut
440 1961 482 1990 et
524 1950 681 1989 alarum
723 1960 846 2003 atque
892 1965 996 1990 voce
1041 1951 1171 2005 magis
1218 1951 1269 1990 ad
1300 1948 1550 1990 Charadrios
1582 1949 1773 1996 accedit;

93 2026 223 2066 cauda
252 2025 453 2080 forcipata
482 2036 524 2065 et
552 2024 713 2064 falcatis
744 2024 820 2065 alis
850 2027 1036 2066 Sternam
1067 2028 1216 2073 refert,
1248 2036 1288 2065 at
1316 2024 1489 2074 habitu,
1522 2023 1704 2065 moribus
1733 2035 1776 2066 et

91 2100 204 2141 victu
247 2102 298 2140 ad
338 2111 550 2141 terrestres
592 2100 747 2154 magis,
791 2116 914 2154 quam
960 2102 1171 2155 aquaticas
1213 2116 1308 2142 aves
1355 2100 1520 2141 videtur
1549 2100 1773 2156 pertinere.

93 2175 364 2218 Characteres
395 2177 499 2215 adeo
527 2175 757 2231 peculiares
785 2189 884 2229 prae
914 2189 954 2214 se
985 2176 1089 2222 fert,
1128 2188 1174 2216 ut
1203 2175 1390 2230 quamvis
1421 2176 1493 2216 vix
1522 2191 1605 2216 non
1636 2174 1777 2216 omnia

91 2265 242 2305 genera
270 2261 432 2290 tantum
475 2265 527 2290 ex
572 2250 694 2290 unica
735 2249 875 2304 specie
919 2250 1094 2290 formata
1124 2252 1175 2292 ad
1207 2250 1344 2291 affinia
1376 2265 1527 2305 genera
1556 2251 1774 2291 referenda

91 2341 178 2367 esse
209 2340 425 2375 censeam,
457 2326 502 2365 in
534 2327 611 2366 hac
642 2337 784 2365 tamen
815 2340 890 2365 ave
923 2325 1110 2366 diversae
1142 2325 1219 2365 sim
1248 2326 1498 2366 sententiae.
1558 2325 1774 2367 Credibile

90 2416 188 2442 vero
218 2412 278 2442 est
307 2401 351 2441 in
381 2400 697 2442 mediterraneis
728 2412 770 2443 et
798 2401 1044 2443 australibus
1072 2401 1198 2442 Asiae
1229 2412 1272 2442 et
1299 2401 1468 2444 Africae
1499 2401 1673 2444 desertis
1703 2403 1771 2443 ad-
