2175 2931
873 214 1022 242 ==
1698 215 1789 256 217

113 324 231 360 runt,
274 323 319 353 ut
345 325 399 352 ex
427 309 481 352 iis
510 308 608 351 solis
645 325 768 352 nemo
809 311 1120 368 conjungendas
1151 311 1311 368 species
1351 310 1548 361 suaserit;
1587 328 1686 369 quas
1716 313 1789 357 hic

113 389 264 430 reserre
296 388 466 444 longum
495 387 623 428 foret:
654 387 760 427 Pulli
793 387 956 442 Cygnei
985 388 1120 444 primo
1152 403 1261 428 anno
1290 387 1622 444 gryseo-albidi.

604 614 1290 668 L111.ANSERES,

245 846 383 885 Genus
411 842 665 884 Anserinum
696 858 717 882 a
750 843 906 899 Cygnis
936 856 979 884 et
1006 843 1212 885 Anatibus
1241 844 1351 885 vitae
1382 859 1532 900 genere
1558 845 1712 895 differt,
1744 858 1786 886 et

109 920 211 960 licet
241 935 364 975 aquas
394 921 632 974 frequentet
661 930 703 959 et
731 919 944 960 natatione
975 921 1228 970 delectetur,
1259 920 1528 976 praecipuum
1544 933 1683 962 tamen
1714 922 1784 962 ali-

108 1007 295 1036 mentum
325 996 369 1035 in
400 995 524 1044 sicco,
555 1009 608 1034 ex
638 993 780 1035 herbis
810 1007 852 1035 et
882 996 1137 1050 graminibus
1166 996 1442 1037 tenerioribus
1473 997 1647 1053 quaerit.
1686 998 1786 1038 Ideo

110 1083 151 1111 et
179 1082 310 1111 rostro
339 1070 650 1120 robustissimo,
696 1072 747 1111 ad
778 1086 958 1111 morsum
999 1083 1225 1119 exacuam,
1270 1083 1312 1112 et
1341 1073 1517 1128 pedibus
1558 1072 1786 1127 gradiendo

110 1147 364 1204 aptioribus,
408 1144 539 1205 magis
579 1145 624 1186 in
665 1147 913 1201 aequilibrio
954 1147 1124 1202 positis,
1180 1146 1405 1188 instructae
1452 1160 1546 1188 sunt
1592 1150 1784 1188 Anseres.

107 1225 266 1262 Amant
294 1223 392 1261 ideo
423 1221 515 1260 loca
545 1220 688 1261 herbis
718 1222 970 1262 luxuriantia
999 1234 1041 1262 et
1070 1222 1192 1262 simul
1223 1238 1397 1277 aquosa,
1443 1235 1486 1264 et
1515 1223 1696 1264 maxime
1726 1238 1786 1264 re-

110 1296 255 1353 giones
285 1297 500 1343 boreales,
540 1296 613 1336 ubi
653 1295 808 1337 herbae
838 1297 1065 1338 teneriores
1096 1309 1137 1337 et
1167 1299 1430 1338 succulentae
1459 1314 1533 1354 per
1561 1310 1692 1339 totam
1723 1314 1787 1339 ae-

110 1384 258 1414 statem
288 1383 538 1428 suppetunt,
571 1383 614 1413 et
643 1371 715 1412 ubi
745 1373 867 1413 simul
896 1373 940 1413 in
970 1371 1095 1412 vastis
1124 1373 1347 1427 paludibus
1378 1385 1420 1413 et
1448 1373 1614 1414 ericetis
1644 1373 1785 1415 solitu·

109 1449 251 1490 dinem
279 1459 544 1503 exoptatam,
576 1463 651 1504 pro
681 1450 894 1489 educanda
926 1447 1106 1489 securius
1136 1449 1278 1503 prole,
1310 1459 1351 1489 et
1379 1449 1664 1504 permutandis
1699 1451 1788 1506 plu·

109 1525 187 1566 mis
216 1523 463 1570 inveniunt,
492 1523 652 1564 minore
681 1523 804 1563 simul
832 1538 1003 1563 numero
1034 1523 1172 1563 avium
1207 1524 1418 1579 rapacium
1448 1526 1682 1581 periculum
1712 1525 1787 1566 mi-

109 1601 284 1642 nitante.
344 1599 696 1654 Quandoquidem
726 1614 825 1640 vero
854 1597 1042 1653 regiones
1072 1597 1172 1638 illae
1202 1600 1389 1640 boreales
1420 1599 1573 1655 hyeme
1604 1614 1697 1642 sunt
1726 1602 1787 1642 in-

109 1676 326 1732 hospitae,
367 1690 510 1715 omnes
540 1676 742 1714 Anscrum
786 1674 944 1729 species
984 1674 1205 1728 quotannis
1249 1677 1475 1715 seeundum
1514 1677 1698 1717 strictam
1729 1678 1785 1717 le-

109 1767 203 1808 gem
236 1751 438 1806 migrant,
470 1765 577 1798 non,
608 1749 670 1789 uti
700 1753 841 1797 Grues,
865 1748 1085 1797 Ciconiae,
1118 1750 1282 1789 Ardeae
1315 1761 1354 1789 et
1386 1752 1631 1806 Scolopaces
1663 1764 1785 1806 atque

109 1831 267 1868 Anates
296 1827 458 1882 plures,
491 1840 629 1865 versus
660 1825 901 1874 meridiem,
932 1824 1004 1864 ubi
1035 1825 1231 1880 pabulum
1263 1825 1496 1879 vegetabile
1525 1826 1610 1866 illis
1626 1838 1784 1881 gratum

111 1919 194 1944 non
225 1913 443 1957 suppetere
472 1901 662 1951 videtur,
695 1902 766 1941 sed
797 1900 1110 1941 verosimillime
1140 1900 1513 1941 verssusAn-Jericae
1543 1901 1786 1956 septentrio-

112 1977 214 2018 nalis
245 1978 344 2016 situs
373 1977 712 2032 temperatiores,
744 1976 903 2031 magnis
933 1977 1101 2017 lacubus
1133 1987 1173 2016 et
1205 1976 1327 2016 maris
1366 1977 1532 2017 sinubus
1563 1989 1784 2033 occupatos

112 2066 154 2095 et
184 2053 336 2108 hyeme
366 2052 532 2094 mitiore
563 2055 802 2108 gaudentes.
861 2052 1077 2094 Constanti
1108 2052 1220 2092 enim
1249 2053 1538 2093 obstr-vatione
1569 2055 1783 2093 confirma-

109 2142 201 2170 tum
232 2140 318 2176 est,
348 2131 524 2169 Anseres
554 2130 660 2169 feros
691 2130 888 2169 abeuntes
919 2143 942 2167 e
974 2128 1118 2167 Rossia
1160 2140 1202 2167 et
1238 2128 1433 2169 citeriore
1465 2129 1616 2169 Sibil-ia
1649 2144 1784 2168 versus

114 2205 375 2246 occidentem
407 2204 620 2254 aestivum,
652 2219 674 2244 e
705 2203 859 2245 Sibiria
888 2217 986 2242 vero
1016 2203 1234 2253 ulteriore,
1265 2220 1402 2244 versus
1433 2205 1637 2244 orientem
1667 2205 1785 2244 aesti-

115 2297 212 2321 vum
247 2292 287 2320 et
317 2279 552 2335 hybernum
581 2281 778 2327 tendere3
822 2291 863 2320 et
905 2279 1006 2319 licet
1035 2294 1130 2319 vere
1160 2279 1203 2319 in
1236 2280 1478 2319 australibus
1521 2279 1632 2334 prius
1663 2297 1783 2336 appa-

113 2369 254 2407 reant,
286 2357 330 2396 id
358 2367 496 2396 tamen
527 2358 568 2396 fit
599 2368 768 2412 propter
798 2355 905 2396 hanc
936 2356 1197 2396 solummodo
1229 2356 1455 2403 rationem,
1499 2356 1609 2410 quod
1653 2372 1781 2412 aquae

113 2432 174 2473 ibi
204 2432 326 2473 citius
357 2449 377 2472 a
406 2433 540 2488 glacie
572 2433 741 2482 solutae,
773 2443 813 2472 et
844 2431 1052 2487 vegetatio
1084 2432 1313 2487 promptior
1343 2442 1417 2480 est,
1449 2432 1558 2471 unde
1589 2446 1640 2471 ex
1656 2443 1781 2473 trans-

1298 2513 1347 2547 23
