<?xml version="1.0" encoding="UTF-8"?>
<!DOCTYPE html PUBLIC "-//W3C//DTD XHTML 1.0 Transitional//EN"
    "http://www.w3.org/TR/xhtml1/DTD/xhtml1-transitional.dtd">
<html xmlns="http://www.w3.org/1999/xhtml" xml:lang="en" lang="en">
 <head>
  <title>
</title>
<meta http-equiv="Content-Type" content="text/html;charset=utf-8" />
  <meta name='ocr-system' content='tesseract 3.04.00' />
  <meta name='ocr-capabilities' content='ocr_page ocr_carea ocr_par ocr_line ocrx_word'/>
</head>
<body>
  <div class='ocr_page' id='page_1' title='image "./zoographiarossoa22pall_0186.png"; bbox 0 0 2175 2931; ppageno 0'>
   <div class='ocr_carea' id='block_1_1' title="bbox 376 196 1280 240">
    <p class='ocr_par' dir='ltr' id='par_1_1' title="bbox 376 196 1280 240">
     <span class='ocr_line' id='line_1_1' title="bbox 376 196 1280 240; baseline -0.013 -10"><span class='ocrx_word' id='word_1_1' title='bbox 376 199 460 240; x_wconf 67' lang='lat'>1¹70</span> <span class='ocrx_word' id='word_1_2' title='bbox 1138 196 1280 219; x_wconf 72' lang='lat'><strong>—---—·</strong></span> 
     </span>
    </p>
   </div>
   <div class='ocr_carea' id='block_1_2' title="bbox 364 295 2061 1646">
    <p class='ocr_par' dir='ltr' id='par_1_2' title="bbox 367 295 2055 812">
     <span class='ocr_line' id='line_1_2' title="bbox 370 295 2053 358; baseline -0.002 -15"><span class='ocrx_word' id='word_1_3' title='bbox 370 318 494 358; x_wconf 78' lang='lat' dir='ltr'>quam</span> <span class='ocrx_word' id='word_1_4' title='bbox 537 301 580 342; x_wconf 87' lang='lat' dir='ltr'>in</span> <span class='ocrx_word' id='word_1_5' title='bbox 624 297 958 343; x_wconf 73' lang='lat' dir='ltr'>Canitscliatcam</span> <span class='ocrx_word' id='word_1_6' title='bbox 1003 296 1190 344; x_wconf 81' lang='lat' dir='ltr'>veniret3</span> <span class='ocrx_word' id='word_1_7' title='bbox 1237 295 1299 336; x_wconf 82' lang='lat' dir='ltr'>ibi</span> <span class='ocrx_word' id='word_1_8' title='bbox 1341 310 1439 337; x_wconf 85' lang='lat' dir='ltr'>vero</span> <span class='ocrx_word' id='word_1_9' title='bbox 1482 308 1700 345; x_wconf 84' lang='lat' dir='ltr'>autumno,</span> <span class='ocrx_word' id='word_1_10' title='bbox 1743 312 1870 352; x_wconf 84' lang='lat' dir='ltr'>quum</span> <span class='ocrx_word' id='word_1_11' title='bbox 1898 299 2053 339; x_wconf 76' lang='lat' dir='ltr'>&#39;baccae</span> 
     </span>
     <span class='ocr_line' id='line_1_3' title="bbox 371 373 2053 434; baseline -0.003 -15"><span class='ocrx_word' id='word_1_12' title='bbox 371 380 573 434; x_wconf 71' lang='lat' dir='ltr'>palustres</span> <span class='ocrx_word' id='word_1_13' title='bbox 619 385 922 422; x_wconf 82' lang='lat' dir='ltr'>maturescunt,</span> <span class='ocrx_word' id='word_1_14' title='bbox 983 373 1151 428; x_wconf 80' lang='lat' dir='ltr'>copiose</span> <span class='ocrx_word' id='word_1_15' title='bbox 1196 373 1393 413; x_wconf 78' lang='lat' dir='ltr'>advolant</span> <span class='ocrx_word' id='word_1_16' title='bbox 1436 385 1478 414; x_wconf 88' lang='lat' dir='ltr'>et</span> <span class='ocrx_word' id='word_1_17' title='bbox 1518 374 1561 414; x_wconf 88' lang='lat' dir='ltr'>in</span> <span class='ocrx_word' id='word_1_18' title='bbox 1604 373 1771 414; x_wconf 84' lang='lat' dir='ltr'>ericetis</span> <span class='ocrx_word' id='word_1_19' title='bbox 1800 373 1909 415; x_wconf 84' lang='lat' dir='ltr'>circa</span> <span class='ocrx_word' id='word_1_20' title='bbox 1940 389 2053 415; x_wconf 80' lang='lat' dir='ltr'>mare</span> 
     </span>
     <span class='ocr_line' id='line_1_4' title="bbox 372 448 2054 507; baseline -0.002 -12"><span class='ocrx_word' id='word_1_21' title='bbox 372 466 584 495; x_wconf 76' lang='lat' dir='ltr'>versantur</span> <span class='ocrx_word' id='word_1_22' title='bbox 614 452 686 492; x_wconf 84' lang='lat' dir='ltr'>ubi</span> <span class='ocrx_word' id='word_1_23' title='bbox 714 450 959 507; x_wconf 81' lang='lat' dir='ltr'>praesertim</span> <span class='ocrx_word' id='word_1_24' title='bbox 990 449 1180 505; x_wconf 88' lang='lat' dir='ltr'>Empetri</span> <span class='ocrx_word' id='word_1_25' title='bbox 1208 448 1347 489; x_wconf 82' lang='lat' dir='ltr'>baccis</span> <span class='ocrx_word' id='word_1_26' title='bbox 1378 448 1652 490; x_wconf 80' lang='lat' dir='ltr'>veliementer</span> <span class='ocrx_word' id='word_1_27' title='bbox 1680 450 1953 500; x_wconf 80' lang='lat' dir='ltr'>delectantur,</span> <span class='ocrx_word' id='word_1_28' title='bbox 1982 467 2054 491; x_wconf 86' lang='lat' dir='ltr'>un-</span> 
     </span>
     <span class='ocr_line' id='line_1_5' title="bbox 369 525 2052 570; baseline -0.002 0"><span class='ocrx_word' id='word_1_29' title='bbox 369 532 422 570; x_wconf 89' lang='lat' dir='ltr'>de</span> <span class='ocrx_word' id='word_1_30' title='bbox 466 539 732 569; x_wconf 78' lang='lat' dir='ltr'>excrementa</span> <span class='ocrx_word' id='word_1_31' title='bbox 776 526 976 566; x_wconf 83' lang='lat' dir='ltr'>violacea.</span> <span class='ocrx_word' id='word_1_32' title='bbox 1049 525 1162 565; x_wconf 88' lang='lat' dir='ltr'>Nive</span> <span class='ocrx_word' id='word_1_33' title='bbox 1208 525 1318 566; x_wconf 85' lang='lat' dir='ltr'>circa</span> <span class='ocrx_word' id='word_1_34' title='bbox 1362 526 1547 566; x_wconf 88' lang='lat' dir='ltr'>medium</span> <span class='ocrx_word' id='word_1_35' title='bbox 1591 526 1787 567; x_wconf 83' lang='lat' dir='ltr'>Octobris</span> <span class='ocrx_word' id='word_1_36' title='bbox 1829 525 2052 567; x_wconf 78' lang='lat' dir='ltr'>decidente</span> 
     </span>
     <span class='ocr_line' id='line_1_6' title="bbox 368 602 2049 660; baseline -0.002 -15"><span class='ocrx_word' id='word_1_37' title='bbox 368 604 560 660; x_wconf 75' lang='lat' dir='ltr'>migrant,</span> <span class='ocrx_word' id='word_1_38' title='bbox 598 619 693 645; x_wconf 80' lang='lat' dir='ltr'>vero</span> <span class='ocrx_word' id='word_1_39' title='bbox 723 602 940 644; x_wconf 80' lang='lat' dir='ltr'>simillime</span> <span class='ocrx_word' id='word_1_40' title='bbox 972 616 1109 641; x_wconf 83' lang='lat' dir='ltr'>versus</span> <span class='ocrx_word' id='word_1_41' title='bbox 1140 603 1298 642; x_wconf 72' lang='lat' dir='ltr'>‘Insulas</span> <span class='ocrx_word' id='word_1_42' title='bbox 1330 614 1371 642; x_wconf 86' lang='lat' dir='ltr'>et</span> <span class='ocrx_word' id='word_1_43' title='bbox 1403 602 1652 643; x_wconf 76' lang='lat' dir='ltr'>Americam.</span> <span class='ocrx_word' id='word_1_44' title='bbox 1713 602 1820 643; x_wconf 85' lang='lat' dir='ltr'>Hinc</span> <span class='ocrx_word' id='word_1_45' title='bbox 1853 614 2049 643; x_wconf 84' lang='lat' dir='ltr'>autumno</span> 
     </span>
     <span class='ocr_line' id='line_1_7' title="bbox 367 678 2055 736; baseline -0.002 -15"><span class='ocrx_word' id='word_1_46' title='bbox 367 680 687 736; x_wconf 73' lang='lat' dir='ltr'>pinguissimae,</span> <span class='ocrx_word' id='word_1_47' title='bbox 720 679 1030 734; x_wconf 73' lang='lat' dir='ltr'>maximamque</span> <span class='ocrx_word' id='word_1_48' title='bbox 1062 678 1168 733; x_wconf 81' lang='lat' dir='ltr'>apud</span> <span class='ocrx_word' id='word_1_49' title='bbox 1199 679 1376 733; x_wconf 82' lang='lat' dir='ltr'>gentiles</span> <span class='ocrx_word' id='word_1_50' title='bbox 1407 680 1573 719; x_wconf 86' lang='lat' dir='ltr'>laudem</span> <span class='ocrx_word' id='word_1_51' title='bbox 1604 693 1803 728; x_wconf 87' lang='lat' dir='ltr'>meruere,</span> <span class='ocrx_word' id='word_1_52' title='bbox 1836 690 1882 719; x_wconf 83' lang='lat' dir='ltr'>ut</span> <span class='ocrx_word' id='word_1_53' title='bbox 1911 680 1963 719; x_wconf 91' lang='lat' dir='ltr'>de</span> <span class='ocrx_word' id='word_1_54' title='bbox 1992 678 2055 718; x_wconf 81' lang='lat' dir='ltr'>in-</span> 
     </span>
     <span class='ocr_line' id='line_1_8' title="bbox 368 753 2020 812; baseline -0.001 -16"><span class='ocrx_word' id='word_1_55' title='bbox 368 757 523 796; x_wconf 80' lang='lat' dir='ltr'>dustria</span> <span class='ocrx_word' id='word_1_56' title='bbox 554 771 718 812; x_wconf 83' lang='lat' dir='ltr'>quoque</span> <span class='ocrx_word' id='word_1_57' title='bbox 749 755 896 811; x_wconf 81' lang='lat' dir='ltr'>positis</span> <span class='ocrx_word' id='word_1_58' title='bbox 928 753 1088 810; x_wconf 79' lang='lat' dir='ltr'>laqueis</span> <span class='ocrx_word' id='word_1_59' title='bbox 1119 754 1354 809; x_wconf 83' lang='lat' dir='ltr'>f1·equentes</span> <span class='ocrx_word' id='word_1_60' title='bbox 1386 755 1566 811; x_wconf 84' lang='lat' dir='ltr'>capiant.</span> <span class='ocrx_word' id='word_1_61' title='bbox 1625 758 1764 795; x_wconf 85' lang='lat' dir='ltr'>Mores</span> <span class='ocrx_word' id='word_1_62' title='bbox 1795 758 2020 809; x_wconf 77' lang='lat' dir='ltr'>Arquatae.</span> 
     </span>
    </p>

    <p class='ocr_par' dir='ltr' id='par_1_3' title="bbox 364 829 2061 1493">
     <span class='ocr_line' id='line_1_9' title="bbox 505 829 2053 885; baseline -0.002 -12"><span class='ocrx_word' id='word_1_63' title='bbox 505 835 679 873; x_wconf 70' lang='lat' dir='ltr'>Dcscr.</span> <span class='ocrx_word' id='word_1_64' title='bbox 736 833 858 871; x_wconf 89' lang='lat' dir='ltr'>Adeo</span> <span class='ocrx_word' id='word_1_65' title='bbox 889 829 1038 870; x_wconf 67' lang='lat' dir='ltr'>similis</span> <span class='ocrx_word' id='word_1_66' title='bbox 1073 832 1304 885; x_wconf 55' lang='lat' dir='ltr'>Armi-atae,</span> <span class='ocrx_word' id='word_1_67' title='bbox 1336 842 1381 870; x_wconf 88' lang='lat' dir='ltr'>ut</span> <span class='ocrx_word' id='word_1_68' title='bbox 1411 846 1537 871; x_wconf 88' lang='lat' dir='ltr'>ovum</span> <span class='ocrx_word' id='word_1_69' title='bbox 1568 845 1647 870; x_wconf 89' lang='lat' dir='ltr'>ovo</span> <span class='ocrx_word' id='word_1_70' title='bbox 1666 863 1675 880; x_wconf 94' lang='lat'>,</span> <span class='ocrx_word' id='word_1_71' title='bbox 1707 843 1749 871; x_wconf 86' lang='lat' dir='ltr'>et</span> <span class='ocrx_word' id='word_1_72' title='bbox 1779 833 1863 871; x_wconf 83' lang='lat' dir='ltr'>fere</span> <span class='ocrx_word' id='word_1_73' title='bbox 1894 831 2053 871; x_wconf 78' lang='lat' dir='ltr'>diceres</span> 
     </span>
     <span class='ocr_line' id='line_1_10' title="bbox 367 905 2057 962; baseline -0.002 -14"><span class='ocrx_word' id='word_1_74' title='bbox 367 908 612 948; x_wconf 74' lang='lat' dir='ltr'>varietatem</span> <span class='ocrx_word' id='word_1_75' title='bbox 659 919 861 953; x_wconf 82' lang='lat' dir='ltr'>staturae3</span> <span class='ocrx_word' id='word_1_76' title='bbox 906 916 967 945; x_wconf 87' lang='lat' dir='ltr'>est</span> <span class='ocrx_word' id='word_1_77' title='bbox 999 905 1111 945; x_wconf 84' lang='lat' dir='ltr'>enim</span> <span class='ocrx_word' id='word_1_78' title='bbox 1142 906 1266 945; x_wconf 80' lang='lat' dir='ltr'>tertia</span> <span class='ocrx_word' id='word_1_79' title='bbox 1296 918 1413 962; x_wconf 73' lang='lat' dir='ltr'>parte</span> <span class='ocrx_word' id='word_1_80' title='bbox 1445 906 1605 946; x_wconf 86' lang='lat' dir='ltr'>minor:</span> <span class='ocrx_word' id='word_1_81' title='bbox 1649 917 1862 961; x_wconf 80' lang='lat' dir='ltr'>rostroque</span> <span class='ocrx_word' id='word_1_82' title='bbox 1892 917 2057 946; x_wconf 87' lang='lat' dir='ltr'>tantun·</span> 
     </span>
     <span class='ocr_line' id='line_1_11' title="bbox 366 982 2060 1037; baseline -0.001 -13"><span class='ocrx_word' id='word_1_83' title='bbox 366 985 461 1024; x_wconf 85' lang='lat' dir='ltr'>dem</span> <span class='ocrx_word' id='word_1_84' title='bbox 491 984 711 1031; x_wconf 71' lang='lat' dir='ltr'>breviore;</span> <span class='ocrx_word' id='word_1_85' title='bbox 764 983 835 1023; x_wconf 88' lang='lat' dir='ltr'>sed</span> <span class='ocrx_word' id='word_1_86' title='bbox 866 983 1019 1037; x_wconf 83' lang='lat' dir='ltr'>pedum</span> <span class='ocrx_word' id='word_1_87' title='bbox 1050 982 1192 1036; x_wconf 77' lang='lat' dir='ltr'>digitis</span> <span class='ocrx_word' id='word_1_88' title='bbox 1223 986 1422 1035; x_wconf 83' lang='lat' dir='ltr'>majorem</span> <span class='ocrx_word' id='word_1_89' title='bbox 1453 982 1524 1023; x_wconf 83' lang='lat' dir='ltr'>vix</span> <span class='ocrx_word' id='word_1_90' title='bbox 1555 997 1637 1023; x_wconf 87' lang='lat' dir='ltr'>non</span> <span class='ocrx_word' id='word_1_91' title='bbox 1668 993 1844 1037; x_wconf 82' lang='lat' dir='ltr'>aequat,</span> <span class='ocrx_word' id='word_1_92' title='bbox 1887 997 2060 1037; x_wconf 78' lang='lat' dir='ltr'>propor-</span> 
     </span>
     <span class='ocr_line' id='line_1_12' title="bbox 365 1057 2058 1115; baseline -0.002 -15"><span class='ocrx_word' id='word_1_93' title='bbox 365 1060 482 1100; x_wconf 85' lang='lat' dir='ltr'>tione</span> <span class='ocrx_word' id='word_1_94' title='bbox 514 1059 656 1115; x_wconf 88' lang='lat' dir='ltr'>itaque</span> <span class='ocrx_word' id='word_1_95' title='bbox 687 1059 925 1109; x_wconf 77' lang='lat' dir='ltr'>majoribus.</span> <span class='ocrx_word' id='word_1_96' title='bbox 998 1060 1104 1098; x_wconf 80' lang='lat' dir='ltr'>Alae</span> <span class='ocrx_word' id='word_1_97' title='bbox 1133 1063 1294 1109; x_wconf 76' lang='lat' dir='ltr'>spuriae</span> <span class='ocrx_word' id='word_1_98' title='bbox 1330 1057 1464 1099; x_wconf 86' lang='lat' dir='ltr'>minus</span> <span class='ocrx_word' id='word_1_99' title='bbox 1495 1059 1733 1107; x_wconf 78' lang='lat' dir='ltr'>exsoletae,</span> <span class='ocrx_word' id='word_1_100' title='bbox 1784 1073 1946 1114; x_wconf 79' lang='lat' dir='ltr'>pennae</span> <span class='ocrx_word' id='word_1_101' title='bbox 1979 1073 2058 1113; x_wconf 90' lang='lat' dir='ltr'>que</span> 
     </span>
     <span class='ocr_line' id='line_1_13' title="bbox 365 1133 2058 1189; baseline -0.001 -14"><span class='ocrx_word' id='word_1_102' title='bbox 365 1151 506 1176; x_wconf 84' lang='lat' dir='ltr'>earum</span> <span class='ocrx_word' id='word_1_103' title='bbox 537 1150 619 1176; x_wconf 91' lang='lat' dir='ltr'>non</span> <span class='ocrx_word' id='word_1_104' title='bbox 651 1134 829 1175; x_wconf 74' lang='lat' dir='ltr'>detritae</span> <span class='ocrx_word' id='word_1_105' title='bbox 860 1133 978 1189; x_wconf 83' lang='lat' dir='ltr'>apice</span> <span class='ocrx_word' id='word_1_106' title='bbox 1022 1138 1104 1186; x_wconf 83' lang='lat' dir='ltr'>(zut</span> <span class='ocrx_word' id='word_1_107' title='bbox 1132 1148 1295 1189; x_wconf 83' lang='lat' dir='ltr'>semper</span> <span class='ocrx_word' id='word_1_108' title='bbox 1332 1137 1586 1189; x_wconf 82' lang='lat' dir='ltr'>Arquatae:)</span> <span class='ocrx_word' id='word_1_109' title='bbox 1633 1136 1705 1174; x_wconf 87' lang='lat' dir='ltr'>sed</span> <span class='ocrx_word' id='word_1_110' title='bbox 1747 1133 2058 1188; x_wconf 67' lang='lat' dir='ltr'>integerrimae,</span> 
     </span>
     <span class='ocr_line' id='line_1_14' title="bbox 364 1209 2061 1266; baseline -0.001 -15"><span class='ocrx_word' id='word_1_111' title='bbox 364 1211 600 1261; x_wconf 75' lang='lat' dir='ltr'>molliores,</span> <span class='ocrx_word' id='word_1_112' title='bbox 660 1222 835 1265; x_wconf 86' lang='lat' dir='ltr'>utroque</span> <span class='ocrx_word' id='word_1_113' title='bbox 882 1209 1069 1264; x_wconf 78' lang='lat' dir='ltr'>margine</span> <span class='ocrx_word' id='word_1_114' title='bbox 1112 1210 1285 1250; x_wconf 87' lang='lat' dir='ltr'>maculis</span> <span class='ocrx_word' id='word_1_115' title='bbox 1323 1225 1345 1250; x_wconf 91' lang='lat' dir='ltr'>e</span> <span class='ocrx_word' id='word_1_116' title='bbox 1390 1225 1538 1266; x_wconf 82' lang='lat' dir='ltr'>gryseo</span> <span class='ocrx_word' id='word_1_117' title='bbox 1583 1211 1715 1265; x_wconf 81' lang='lat' dir='ltr'>magis</span> <span class='ocrx_word' id='word_1_118' title='bbox 1758 1209 2061 1251; x_wconf 78' lang='lat' dir='ltr'>lutescentibus</span> 
     </span>
     <span class='ocr_line' id='line_1_15' title="bbox 364 1285 2058 1342; baseline -0.001 -15"><span class='ocrx_word' id='word_1_119' title='bbox 364 1287 616 1342; x_wconf 78' lang='lat' dir='ltr'>pectinatae.</span> <span class='ocrx_word' id='word_1_120' title='bbox 691 1288 852 1341; x_wconf 74' lang='lat' dir='ltr'>Unguis</span> <span class='ocrx_word' id='word_1_121' title='bbox 891 1285 1052 1326; x_wconf 87' lang='lat' dir='ltr'>medius</span> <span class='ocrx_word' id='word_1_122' title='bbox 1090 1286 1179 1326; x_wconf 87' lang='lat' dir='ltr'>basi</span> <span class='ocrx_word' id='word_1_123' title='bbox 1220 1287 1444 1326; x_wconf 84' lang='lat' dir='ltr'>introrsum</span> <span class='ocrx_word' id='word_1_124' title='bbox 1474 1286 1546 1326; x_wconf 81' lang='lat' dir='ltr'>vix</span> <span class='ocrx_word' id='word_1_125' title='bbox 1576 1287 1788 1326; x_wconf 86' lang='lat' dir='ltr'>contritus.</span> <span class='ocrx_word' id='word_1_126' title='bbox 1876 1285 2058 1340; x_wconf 80' lang='lat' dir='ltr'>Reliqua</span> 
     </span>
     <span class='ocr_line' id='line_1_16' title="bbox 368 1360 2056 1418; baseline 0 -17"><span class='ocrx_word' id='word_1_127' title='bbox 368 1361 598 1403; x_wconf 86' lang='lat' dir='ltr'>simillima.</span> <span class='ocrx_word' id='word_1_128' title='bbox 659 1362 801 1403; x_wconf 85' lang='lat' dir='ltr'>Rostri</span> <span class='ocrx_word' id='word_1_129' title='bbox 830 1361 1050 1416; x_wconf 78' lang='lat' dir='ltr'>longitudo</span> <span class='ocrx_word' id='word_1_130' title='bbox 1082 1363 1133 1401; x_wconf 86' lang='lat' dir='ltr'>ad</span> <span class='ocrx_word' id='word_1_131' title='bbox 1164 1369 1185 1403; x_wconf 86' lang='lat'><em>5</em></span> <span class='ocrx_word' id='word_1_132' title='bbox 1211 1361 1315 1417; x_wconf 88' lang='lat' dir='ltr'>poll.</span> <span class='ocrx_word' id='word_1_133' title='bbox 1346 1376 1441 1402; x_wconf 86' lang='lat' dir='ltr'>cum</span> <span class='ocrx_word' id='word_1_134' title='bbox 1469 1361 1514 1402; x_wconf 89' lang='lat' dir='ltr'>in</span> <span class='ocrx_word' id='word_1_135' title='bbox 1543 1365 1730 1418; x_wconf 83' lang='lat' dir='ltr'>Arquata</span> <span class='ocrx_word' id='word_1_136' title='bbox 1759 1375 1883 1417; x_wconf 82' lang='lat' dir='ltr'>saepe</span> <span class='ocrx_word' id='word_1_137' title='bbox 1912 1360 2056 1417; x_wconf 85' lang='lat' dir='ltr'>7poll.</span> 
     </span>
     <span class='ocr_line' id='line_1_17' title="bbox 366 1449 544 1493; baseline -0.006 -15"><span class='ocrx_word' id='word_1_138' title='bbox 366 1449 544 1493; x_wconf 86' lang='lat' dir='ltr'>superet.</span> 
     </span>
    </p>

    <p class='ocr_par' dir='ltr' id='par_1_4' title="bbox 366 1511 2054 1646">
     <span class='ocr_line' id='line_1_18' title="bbox 503 1511 2054 1562; baseline 0.001 -8"><span class='ocrx_word' id='word_1_139' title='bbox 503 1514 613 1554; x_wconf 76' lang='lat' dir='ltr'>Not.</span> <span class='ocrx_word' id='word_1_140' title='bbox 672 1516 809 1554; x_wconf 80' lang='lat' dir='ltr'>Avem</span> <span class='ocrx_word' id='word_1_141' title='bbox 841 1511 1195 1555; x_wconf 76' lang='lat' dir='ltr'>Camtschaticam</span> <span class='ocrx_word' id='word_1_142' title='bbox 1225 1529 1309 1554; x_wconf 87' lang='lat' dir='ltr'>non</span> <span class='ocrx_word' id='word_1_143' title='bbox 1339 1514 1444 1562; x_wconf 87' lang='lat' dir='ltr'>vidi,</span> <span class='ocrx_word' id='word_1_144' title='bbox 1474 1517 1548 1555; x_wconf 87' lang='lat' dir='ltr'>sed</span> <span class='ocrx_word' id='word_1_145' title='bbox 1578 1516 1802 1556; x_wconf 77' lang='lat' dir='ltr'>Stellero</span> <span class='ocrx_word' id='word_1_146' title='bbox 1832 1515 1934 1553; x_wconf 82' lang='lat' dir='ltr'>fides</span> <span class='ocrx_word' id='word_1_147' title='bbox 1965 1528 2054 1555; x_wconf 81' lang='lat' dir='ltr'>esse</span> 
     </span>
     <span class='ocr_line' id='line_1_19' title="bbox 366 1589 2053 1646; baseline 0.001 -17"><span class='ocrx_word' id='word_1_148' title='bbox 366 1590 504 1639; x_wconf 86' lang='lat' dir='ltr'>debet,</span> <span class='ocrx_word' id='word_1_149' title='bbox 538 1590 713 1629; x_wconf 81' lang='lat' dir='ltr'>eandem</span> <span class='ocrx_word' id='word_1_150' title='bbox 742 1605 837 1629; x_wconf 87' lang='lat' dir='ltr'>cum</span> <span class='ocrx_word' id='word_1_151' title='bbox 873 1589 1157 1642; x_wconf 77' lang='lat' dir='ltr'>lViZlugbeana</span> <span class='ocrx_word' id='word_1_152' title='bbox 1187 1603 1289 1629; x_wconf 85' lang='lat' dir='ltr'>esse.</span> <span class='ocrx_word' id='word_1_153' title='bbox 1349 1591 1576 1631; x_wconf 79' lang='lat' dir='ltr'>Frischii</span> <span class='ocrx_word' id='word_1_154' title='bbox 1606 1590 1702 1631; x_wconf 87' lang='lat' dir='ltr'>icon</span> <span class='ocrx_word' id='word_1_155' title='bbox 1734 1597 1817 1644; x_wconf 84' lang='grc' dir='ltr'><strong>(αυ.</strong></span> <span class='ocrx_word' id='word_1_156' title='bbox 1836 1590 1919 1630; x_wconf 80' lang='lat' dir='ltr'>tab.</span> <span class='ocrx_word' id='word_1_157' title='bbox 1940 1595 2053 1646; x_wconf 77' lang='lat'>225.)</span> 
     </span>
    </p>
   </div>
   <div class='ocr_carea' id='block_1_3' title="bbox 366 1663 2050 1723">
    <p class='ocr_par' dir='ltr' id='par_1_5' title="bbox 366 1663 2050 1723">
     <span class='ocr_line' id='line_1_20' title="bbox 366 1663 2050 1723; baseline 0.001 -17"><span class='ocrx_word' id='word_1_158' title='bbox 366 1665 502 1706; x_wconf 80' lang='lat' dir='ltr'>minus</span> <span class='ocrx_word' id='word_1_159' title='bbox 533 1680 626 1706; x_wconf 89' lang='lat' dir='ltr'>cum</span> <span class='ocrx_word' id='word_1_160' title='bbox 655 1676 793 1706; x_wconf 80' lang='lat' dir='ltr'>nostra</span> <span class='ocrx_word' id='word_1_161' title='bbox 823 1663 1048 1711; x_wconf 82' lang='lat' dir='ltr'>convenit,</span> <span class='ocrx_word' id='word_1_162' title='bbox 1077 1664 1208 1720; x_wconf 82' lang='lat' dir='ltr'>magis</span> <span class='ocrx_word' id='word_1_163' title='bbox 1239 1664 1473 1721; x_wconf 77' lang='lat' dir='ltr'>variegata;</span> <span class='ocrx_word' id='word_1_164' title='bbox 1506 1678 1720 1723; x_wconf 88' lang='lat' dir='ltr'>rostroque</span> <span class='ocrx_word' id='word_1_165' title='bbox 1753 1666 2050 1708; x_wconf 64' lang='lat' dir='ltr'>arcuatissirno„</span> 
     </span>
    </p>
   </div>
   <div class='ocr_carea' id='block_1_4' title="bbox 707 1885 1710 1939">
    <p class='ocr_par' dir='ltr' id='par_1_6' title="bbox 707 1885 1710 1939">
     <span class='ocr_line' id='line_1_21' title="bbox 707 1885 1710 1939; baseline 0 -2"><span class='ocrx_word' id='word_1_166' title='bbox 707 1886 905 1939; x_wconf 86' lang='lat' dir='ltr'>XLVII.</span> <span class='ocrx_word' id='word_1_167' title='bbox 974 1885 1710 1937; x_wconf 85' lang='lat' dir='ltr'><strong>SCOLOPACES.</strong></span> 
     </span>
    </p>
   </div>
   <div class='ocr_carea' id='block_1_5' title="bbox 367 2120 2050 2407">
    <p class='ocr_par' dir='ltr' id='par_1_7' title="bbox 367 2120 2050 2407">
     <span class='ocr_line' id='line_1_22' title="bbox 505 2120 2050 2179; baseline 0.003 -18"><span class='ocrx_word' id='word_1_168' title='bbox 505 2123 539 2162; x_wconf 88' lang='lat' dir='ltr'>E</span> <span class='ocrx_word' id='word_1_169' title='bbox 568 2121 812 2177; x_wconf 72' lang='lat' dir='ltr'>partialibus</span> <span class='ocrx_word' id='word_1_170' title='bbox 844 2120 1035 2162; x_wconf 84' lang='lat' dir='ltr'>methodi</span> <span class='ocrx_word' id='word_1_171' title='bbox 1064 2121 1218 2177; x_wconf 84' lang='lat' dir='ltr'>regulis</span> <span class='ocrx_word' id='word_1_172' title='bbox 1247 2123 1356 2179; x_wconf 86' lang='lat' dir='ltr'>apud</span> <span class='ocrx_word' id='word_1_173' title='bbox 1394 2123 1457 2164; x_wconf 84' lang='lat' dir='ltr'>Ill.</span> <span class='ocrx_word' id='word_1_174' title='bbox 1503 2123 1776 2164; x_wconf 82' lang='lat' dir='ltr'>Linnaeum</span> <span class='ocrx_word' id='word_1_175' title='bbox 1817 2121 1862 2163; x_wconf 90' lang='lat' dir='ltr'>in</span> <span class='ocrx_word' id='word_1_176' title='bbox 1892 2124 2050 2165; x_wconf 85' lang='lat' dir='ltr'>Gralla-</span> 
     </span>
     <span class='ocr_line' id='line_1_23' title="bbox 367 2197 2048 2256; baseline 0.001 -18"><span class='ocrx_word' id='word_1_177' title='bbox 367 2213 455 2239; x_wconf 72' lang='lat' dir='ltr'>rum</span> <span class='ocrx_word' id='word_1_178' title='bbox 488 2197 678 2239; x_wconf 76' lang='lat' dir='ltr'>affinibus</span> <span class='ocrx_word' id='word_1_179' title='bbox 706 2198 925 2253; x_wconf 84' lang='lat' dir='ltr'>generibus</span> <span class='ocrx_word' id='word_1_180' title='bbox 956 2198 1058 2238; x_wconf 87' lang='lat' dir='ltr'>mira</span> <span class='ocrx_word' id='word_1_181' title='bbox 1094 2210 1183 2239; x_wconf 89' lang='lat' dir='ltr'>orta</span> <span class='ocrx_word' id='word_1_182' title='bbox 1213 2210 1274 2239; x_wconf 88' lang='lat' dir='ltr'>est</span> <span class='ocrx_word' id='word_1_183' title='bbox 1304 2198 1503 2240; x_wconf 83' lang='lat' dir='ltr'>confusio.</span> <span class='ocrx_word' id='word_1_184' title='bbox 1570 2202 1660 2239; x_wconf 84' lang='lat' dir='ltr'>Jam</span> <span class='ocrx_word' id='word_1_185' title='bbox 1690 2214 1809 2256; x_wconf 81' lang='lat' dir='ltr'>supra</span> <span class='ocrx_word' id='word_1_186' title='bbox 1839 2199 2048 2240; x_wconf 83' lang='lat' dir='ltr'>indicavi-</span> 
     </span>
     <span class='ocr_line' id='line_1_24' title="bbox 367 2273 2048 2332; baseline 0.001 -19"><span class='ocrx_word' id='word_1_187' title='bbox 367 2288 455 2314; x_wconf 83' lang='lat' dir='ltr'>mus</span> <span class='ocrx_word' id='word_1_188' title='bbox 484 2275 621 2330; x_wconf 86' lang='lat' dir='ltr'>plures</span> <span class='ocrx_word' id='word_1_189' title='bbox 653 2273 929 2324; x_wconf 87' lang='lat' dir='ltr'>Charadrios,</span> <span class='ocrx_word' id='word_1_190' title='bbox 960 2287 1132 2331; x_wconf 90' lang='lat' dir='ltr'>propter</span> <span class='ocrx_word' id='word_1_191' title='bbox 1160 2276 1314 2331; x_wconf 85' lang='lat' dir='ltr'>postici</span> <span class='ocrx_word' id='word_1_192' title='bbox 1344 2275 1469 2330; x_wconf 67' lang='lat' dir='ltr'>digiti</span> <span class='ocrx_word' id='word_1_193' title='bbox 1500 2276 1747 2332; x_wconf 64' lang='lat' dir='ltr'>vestigium,</span> <span class='ocrx_word' id='word_1_194' title='bbox 1778 2277 1829 2316; x_wconf 87' lang='lat' dir='ltr'>acl</span> <span class='ocrx_word' id='word_1_195' title='bbox 1859 2279 2048 2330; x_wconf 81' lang='lat' dir='ltr'>Tryngas</span> 
     </span>
     <span class='ocr_line' id='line_1_25' title="bbox 369 2348 2044 2407; baseline 0.001 -19"><span class='ocrx_word' id='word_1_196' title='bbox 369 2350 418 2388; x_wconf 86' lang='lat' dir='ltr'>ab</span> <span class='ocrx_word' id='word_1_197' title='bbox 449 2351 524 2390; x_wconf 88' lang='lat' dir='ltr'>illo</span> <span class='ocrx_word' id='word_1_198' title='bbox 555 2352 727 2400; x_wconf 80' lang='lat' dir='ltr'>relatas,</span> <span class='ocrx_word' id='word_1_199' title='bbox 784 2352 932 2407; x_wconf 89' lang='lat' dir='ltr'>quibus</span> <span class='ocrx_word' id='word_1_200' title='bbox 961 2352 1102 2392; x_wconf 83' lang='lat' dir='ltr'>rostris</span> <span class='ocrx_word' id='word_1_201' title='bbox 1131 2363 1173 2392; x_wconf 87' lang='lat' dir='ltr'>et</span> <span class='ocrx_word' id='word_1_202' title='bbox 1202 2351 1351 2391; x_wconf 85' lang='lat' dir='ltr'>habitu</span> <span class='ocrx_word' id='word_1_203' title='bbox 1379 2364 1472 2393; x_wconf 89' lang='lat' dir='ltr'>sunt</span> <span class='ocrx_word' id='word_1_204' title='bbox 1502 2352 1789 2393; x_wconf 69' lang='lat' dir='ltr'>dissimillimi.</span> <span class='ocrx_word' id='word_1_205' title='bbox 1873 2348 2044 2391; x_wconf 87' lang='lat' dir='ltr'>Videbi-</span> 
     </span>
    </p>
   </div>
   <div class='ocr_carea' id='block_1_6' title="bbox 367 2423 2048 2484">
    <p class='ocr_par' dir='ltr' id='par_1_8' title="bbox 367 2423 2048 2484">
     <span class='ocr_line' id='line_1_26' title="bbox 367 2423 2048 2484; baseline 0.001 -19"><span class='ocrx_word' id='word_1_206' title='bbox 367 2437 456 2465; x_wconf 79' lang='lat' dir='ltr'>mus</span> <span class='ocrx_word' id='word_1_207' title='bbox 485 2437 629 2479; x_wconf 85' lang='lat' dir='ltr'>postea</span> <span class='ocrx_word' id='word_1_208' title='bbox 659 2442 774 2470; x_wconf 82' lang='lat' dir='ltr'>veras</span> <span class='ocrx_word' id='word_1_209' title='bbox 810 2431 997 2484; x_wconf 82' lang='lat' dir='ltr'>Tryngas</span> <span class='ocrx_word' id='word_1_210' title='bbox 1025 2429 1078 2471; x_wconf 92' lang='lat' dir='ltr'>ob</span> <span class='ocrx_word' id='word_1_211' title='bbox 1115 2429 1326 2470; x_wconf 83' lang='lat' dir='ltr'>defectum</span> <span class='ocrx_word' id='word_1_212' title='bbox 1366 2428 1492 2483; x_wconf 81' lang='lat' dir='ltr'>digiti</span> <span class='ocrx_word' id='word_1_213' title='bbox 1531 2429 1685 2484; x_wconf 86' lang='lat' dir='ltr'>postici</span> <span class='ocrx_word' id='word_1_214' title='bbox 1714 2429 1767 2470; x_wconf 87' lang='lat' dir='ltr'>ad</span> <span class='ocrx_word' id='word_1_215' title='bbox 1797 2423 2048 2472; x_wconf 71' lang='lat' dir='ltr'>Charadrios</span> 
     </span>
    </p>
   </div>
  </div>
 </body>
</html>
