<?xml version="1.0" encoding="UTF-8"?>
<!DOCTYPE html PUBLIC "-//W3C//DTD XHTML 1.0 Transitional//EN"
    "http://www.w3.org/TR/xhtml1/DTD/xhtml1-transitional.dtd">
<html xmlns="http://www.w3.org/1999/xhtml" xml:lang="en" lang="en">
 <head>
  <title>
</title>
<meta http-equiv="Content-Type" content="text/html;charset=utf-8" />
  <meta name='ocr-system' content='tesseract 3.04.00' />
  <meta name='ocr-capabilities' content='ocr_page ocr_carea ocr_par ocr_line ocrx_word'/>
</head>
<body>
  <div class='ocr_page' id='page_1' title='image "./zoographiarossoa22pall_0102.png"; bbox 0 0 2175 2931; ppageno 0'>
   <div class='ocr_carea' id='block_1_1' title="bbox 368 187 1696 369">
    <p class='ocr_par' dir='ltr' id='par_1_1' title="bbox 368 187 1696 369">
     <span class='ocr_line' id='line_1_1' title="bbox 368 187 1281 234; baseline -0.002 0"><span class='ocrx_word' id='word_1_1' title='bbox 368 187 427 234; x_wconf 77' lang='lat'>86</span> <span class='ocrx_word' id='word_1_2' title='bbox 1134 192 1281 219; x_wconf 53' lang='grc' dir='ltr'>Ξ</span> 
     </span>
     <span class='ocr_line' id='line_1_2' title="bbox 723 305 1696 369; baseline -0.002 -14"><span class='ocrx_word' id='word_1_3' title='bbox 723 314 836 355; x_wconf 76' lang='lat'>230.</span> <span class='ocrx_word' id='word_1_4' title='bbox 926 307 960 351; x_wconf 90' lang='lat' dir='ltr'>P</span> <span class='ocrx_word' id='word_1_5' title='bbox 982 305 1406 353; x_wconf 90' lang='lat' dir='ltr'>HASIANUS</span> <span class='ocrx_word' id='word_1_6' title='bbox 1492 309 1696 369; x_wconf 74' lang='lat' dir='ltr'>pictus.</span> 
     </span>
    </p>
   </div>
   <div class='ocr_carea' id='block_1_2' title="bbox 364 444 2058 1415">
    <p class='ocr_par' dir='ltr' id='par_1_2' title="bbox 364 444 2058 1415">
     <span class='ocr_line' id='line_1_3' title="bbox 502 444 2056 504; baseline -0.001 -14"><span class='ocrx_word' id='word_1_7' title='bbox 502 451 543 490; x_wconf 94' lang='lat' dir='ltr'>P.</span> <span class='ocrx_word' id='word_1_8' title='bbox 574 449 705 490; x_wconf 84' lang='lat' dir='ltr'>cauda</span> <span class='ocrx_word' id='word_1_9' title='bbox 736 444 997 493; x_wconf 84' lang='lat' dir='ltr'>acuminata,</span> <span class='ocrx_word' id='word_1_10' title='bbox 1040 445 1165 488; x_wconf 82' lang='lat' dir='ltr'>crista</span> <span class='ocrx_word' id='word_1_11' title='bbox 1203 446 1492 504; x_wconf 84' lang='lat' dir='ltr'>uropygioque</span> <span class='ocrx_word' id='word_1_12' title='bbox 1537 447 1680 497; x_wconf 85' lang='lat' dir='ltr'>flavis,</span> <span class='ocrx_word' id='word_1_13' title='bbox 1723 445 1890 488; x_wconf 84' lang='lat' dir='ltr'>cucullo</span> <span class='ocrx_word' id='word_1_14' title='bbox 1933 459 2056 488; x_wconf 86' lang='lat' dir='ltr'>aureo</span> 
     </span>
     <span class='ocr_line' id='line_1_4' title="bbox 366 523 1208 584; baseline -0.006 -14"><span class='ocrx_word' id='word_1_15' title='bbox 366 526 488 584; x_wconf 83' lang='lat' dir='ltr'>nigro</span> <span class='ocrx_word' id='word_1_16' title='bbox 501 551 515 557; x_wconf 90' lang='lat'><em>-</em></span> <span class='ocrx_word' id='word_1_17' title='bbox 530 526 703 567; x_wconf 74' lang='lat' dir='ltr'>fasciato</span> <span class='ocrx_word' id='word_1_18' title='bbox 718 556 727 573; x_wconf 93' lang='lat'>,</span> <span class='ocrx_word' id='word_1_19' title='bbox 760 534 930 580; x_wconf 77' lang='lat' dir='ltr'>pectore</span> <span class='ocrx_word' id='word_1_20' title='bbox 958 523 1208 565; x_wconf 76' lang='lat' dir='ltr'>ruberrinio.</span> 
     </span>
     <span class='ocr_line' id='line_1_5' title="bbox 585 597 1667 647; baseline -0.001 -5"><span class='ocrx_word' id='word_1_21' title='bbox 585 600 811 642; x_wconf 84' lang='lat' dir='ltr'>Phasianus</span> <span class='ocrx_word' id='word_1_22' title='bbox 843 597 1086 647; x_wconf 75' lang='lat' dir='ltr'><strong>chimensis,</strong></span> <span class='ocrx_word' id='word_1_23' title='bbox 1118 601 1255 641; x_wconf 74' lang='lat' dir='ltr'>Albin.</span> <span class='ocrx_word' id='word_1_24' title='bbox 1286 616 1351 641; x_wconf 84' lang='lat' dir='ltr'>av.</span> <span class='ocrx_word' id='word_1_25' title='bbox 1382 601 1457 640; x_wconf 88' lang='grc' dir='ltr'>ΠΙ.</span> <span class='ocrx_word' id='word_1_26' title='bbox 1488 600 1569 641; x_wconf 80' lang='lat' dir='ltr'>tab.</span> <span class='ocrx_word' id='word_1_27' title='bbox 1602 607 1667 641; x_wconf 80' lang='lat'>36.</span> 
     </span>
     <span class='ocr_line' id='line_1_6' title="bbox 582 671 2058 732; baseline -0.004 -13"><span class='ocrx_word' id='word_1_28' title='bbox 582 676 810 719; x_wconf 81' lang='lat' dir='ltr'>Phasianus</span> <span class='ocrx_word' id='word_1_29' title='bbox 843 675 1006 732; x_wconf 86' lang='lat' dir='ltr'>pictus,</span> <span class='ocrx_word' id='word_1_30' title='bbox 1035 677 1228 717; x_wconf 73' lang='lat' dir='ltr'>Edward.</span> <span class='ocrx_word' id='word_1_31' title='bbox 1259 693 1323 717; x_wconf 83' lang='lat' dir='ltr'>av.</span> <span class='ocrx_word' id='word_1_32' title='bbox 1354 679 1409 716; x_wconf 88' lang='lat' dir='ltr'>II.</span> <span class='ocrx_word' id='word_1_33' title='bbox 1440 677 1524 718; x_wconf 76' lang='lat' dir='ltr'>tab.</span> <span class='ocrx_word' id='word_1_34' title='bbox 1556 683 1619 718; x_wconf 83' lang='grc'>68.</span> <span class='ocrx_word' id='word_1_35' title='bbox 1651 691 1764 725; x_wconf 81' lang='lat' dir='ltr'>maS,</span> <span class='ocrx_word' id='word_1_36' title='bbox 1810 681 1874 726; x_wconf 77' lang='lat'>69.</span> <span class='ocrx_word' id='word_1_37' title='bbox 1911 671 2058 714; x_wconf 85' lang='lat' dir='ltr'>foemi-</span> 
     </span>
     <span class='ocr_line' id='line_1_7' title="bbox 638 754 1505 809; baseline 0 -16"><span class='ocrx_word' id='word_1_38' title='bbox 638 768 704 793; x_wconf 86' lang='lat' dir='ltr'>na.</span> <span class='ocrx_word' id='word_1_39' title='bbox 738 754 827 794; x_wconf 84' lang='lat' dir='ltr'>Lin.</span> <span class='ocrx_word' id='word_1_40' title='bbox 858 763 962 807; x_wconf 73' lang='lat' dir='ltr'>syst.</span> <span class='ocrx_word' id='word_1_41' title='bbox 991 754 1086 793; x_wconf 89' lang='lat' dir='ltr'><strong><em>XII.</em></strong></span> <span class='ocrx_word' id='word_1_42' title='bbox 1118 755 1150 792; x_wconf 91' lang='lat' dir='ltr'>I.</span> <span class='ocrx_word' id='word_1_43' title='bbox 1183 769 1220 808; x_wconf 83' lang='lat' dir='ltr'>p.</span> <span class='ocrx_word' id='word_1_44' title='bbox 1252 770 1344 806; x_wconf 82' lang='grc'>272.</span> <span class='ocrx_word' id='word_1_45' title='bbox 1374 769 1432 809; x_wconf 81' lang='lat' dir='ltr'>sp.</span> <span class='ocrx_word' id='word_1_46' title='bbox 1467 759 1505 795; x_wconf 91' lang='lat'>5.</span> 
     </span>
     <span class='ocr_line' id='line_1_8' title="bbox 584 826 1967 885; baseline -0.002 -16"><span class='ocrx_word' id='word_1_47' title='bbox 584 826 813 870; x_wconf 86' lang='lat' dir='ltr'>Phasianus</span> <span class='ocrx_word' id='word_1_48' title='bbox 845 844 988 869; x_wconf 86' lang='lat' dir='ltr'>aureus</span> <span class='ocrx_word' id='word_1_49' title='bbox 1019 829 1218 879; x_wconf 78' lang='lat' dir='ltr'>simensis,</span> <span class='ocrx_word' id='word_1_50' title='bbox 1250 832 1429 870; x_wconf 72' lang='lat' dir='ltr'>Brisson.</span> <span class='ocrx_word' id='word_1_51' title='bbox 1460 845 1547 870; x_wconf 85' lang='lat' dir='ltr'>orn.</span> <span class='ocrx_word' id='word_1_52' title='bbox 1577 830 1610 868; x_wconf 88' lang='lat' dir='ltr'>I.</span> <span class='ocrx_word' id='word_1_53' title='bbox 1640 846 1680 885; x_wconf 84' lang='lat' dir='ltr'>p.</span> <span class='ocrx_word' id='word_1_54' title='bbox 1713 845 1804 881; x_wconf 56' lang='lat'>27¹⁹</span> <span class='ocrx_word' id='word_1_55' title='bbox 1834 842 1896 884; x_wconf 82' lang='lat' dir='ltr'>sp.</span> <span class='ocrx_word' id='word_1_56' title='bbox 1927 835 1967 876; x_wconf 75' lang='grc'>4.</span> 
     </span>
     <span class='ocr_line' id='line_1_9' title="bbox 583 902 2056 956; baseline -0.003 -9"><span class='ocrx_word' id='word_1_57' title='bbox 583 905 812 947; x_wconf 83' lang='lat' dir='ltr'>Phasianus</span> <span class='ocrx_word' id='word_1_58' title='bbox 856 921 1000 946; x_wconf 83' lang='lat' dir='ltr'>aureus</span> <span class='ocrx_word' id='word_1_59' title='bbox 1040 907 1108 946; x_wconf 88' lang='lat' dir='ltr'>vel</span> <span class='ocrx_word' id='word_1_60' title='bbox 1153 905 1325 946; x_wconf 82' lang='lat' dir='ltr'>tricolor</span> <span class='ocrx_word' id='word_1_61' title='bbox 1368 905 1559 947; x_wconf 76' lang='lat' dir='ltr'>cristatus</span> <span class='ocrx_word' id='word_1_62' title='bbox 1602 903 1839 956; x_wconf 72' lang='lat' dir='ltr'><strong>chimensis,</strong></span> <span class='ocrx_word' id='word_1_63' title='bbox 1888 902 2056 956; x_wconf 79' lang='lat' dir='ltr'>Buffon.</span> 
     </span>
     <span class='ocr_line' id='line_1_10' title="bbox 643 983 1602 1038; baseline -0.001 -15"><span class='ocrx_word' id='word_1_64' title='bbox 643 998 727 1023; x_wconf 83' lang='lat' dir='ltr'>orn.</span> <span class='ocrx_word' id='word_1_65' title='bbox 758 983 812 1022; x_wconf 91' lang='lat' dir='ltr'>II.</span> <span class='ocrx_word' id='word_1_66' title='bbox 842 999 881 1038; x_wconf 87' lang='lat' dir='ltr'>p.</span> <span class='ocrx_word' id='word_1_67' title='bbox 913 989 1005 1024; x_wconf 74' lang='lat'><strong>355.</strong></span> <span class='ocrx_word' id='word_1_68' title='bbox 1064 983 1280 1023; x_wconf 67' lang='lat' dir='ltr'>D&#39;aubent.</span> <span class='ocrx_word' id='word_1_69' title='bbox 1313 987 1409 1037; x_wconf 66' lang='lat' dir='ltr'>pict.</span> <span class='ocrx_word' id='word_1_70' title='bbox 1442 998 1477 1022; x_wconf 85' lang='lat' dir='ltr'>n.</span> <span class='ocrx_word' id='word_1_71' title='bbox 1511 999 1602 1036; x_wconf 85' lang='lat'>217.</span> 
     </span>
     <span class='ocr_line' id='line_1_11' title="bbox 474 1058 1404 1113; baseline 0 -15"><span class='ocrx_word' id='word_1_72' title='bbox 474 1058 688 1113; x_wconf 81' lang='lat' dir='ltr'>Mongolis</span> <span class='ocrx_word' id='word_1_73' title='bbox 717 1069 758 1098; x_wconf 85' lang='lat' dir='ltr'>et</span> <span class='ocrx_word' id='word_1_74' title='bbox 787 1058 965 1098; x_wconf 77' lang='lat' dir='ltr'>Dauuris</span> <span class='ocrx_word' id='word_1_75' title='bbox 996 1060 1150 1099; x_wconf 76' lang='lat' dir='ltr'>Altan—</span> <span class='ocrx_word' id='word_1_76' title='bbox 1168 1058 1404 1112; x_wconf 74' lang='lat' dir='ltr'>Gorgolclei.</span> 
     </span>
     <span class='ocr_line' id='line_1_12' title="bbox 475 1133 1021 1174; baseline 0 -1"><span class='ocrx_word' id='word_1_77' title='bbox 475 1133 719 1174; x_wconf 82' lang='lat' dir='ltr'>Sinensibus</span> <span class='ocrx_word' id='word_1_78' title='bbox 755 1134 1021 1173; x_wconf 72' lang='lat' dir='ltr'>Tschintschi.</span> 
     </span>
     <span class='ocr_line' id='line_1_13' title="bbox 508 1204 2057 1265; baseline -0.003 -15"><span class='ocrx_word' id='word_1_79' title='bbox 508 1213 556 1250; x_wconf 91' lang='lat' dir='ltr'>In</span> <span class='ocrx_word' id='word_1_80' title='bbox 587 1209 832 1250; x_wconf 76' lang='lat' dir='ltr'>australibus</span> <span class='ocrx_word' id='word_1_81' title='bbox 864 1208 1074 1249; x_wconf 73' lang='lat' dir='ltr'>Dauni-iae</span> <span class='ocrx_word' id='word_1_82' title='bbox 1106 1220 1147 1249; x_wconf 85' lang='lat' dir='ltr'>et</span> <span class='ocrx_word' id='word_1_83' title='bbox 1177 1208 1331 1249; x_wconf 79' lang='lat' dir='ltr'>deserti</span> <span class='ocrx_word' id='word_1_84' title='bbox 1362 1208 1591 1265; x_wconf 78' lang='lat' dir='ltr'>mongolici</span> <span class='ocrx_word' id='word_1_85' title='bbox 1624 1207 1810 1249; x_wconf 82' lang='lat' dir='ltr'>maxime</span> <span class='ocrx_word' id='word_1_86' title='bbox 1840 1204 2057 1248; x_wconf 78' lang='lat' dir='ltr'>orientalis</span> 
     </span>
     <span class='ocr_line' id='line_1_14' title="bbox 365 1284 2055 1341; baseline -0.002 -16"><span class='ocrx_word' id='word_1_87' title='bbox 365 1296 614 1341; x_wconf 82' lang='lat' dir='ltr'>spontaneus</span> <span class='ocrx_word' id='word_1_88' title='bbox 656 1284 860 1334; x_wconf 84' lang='lat' dir='ltr'>occurrit,</span> <span class='ocrx_word' id='word_1_89' title='bbox 912 1284 1123 1324; x_wconf 81' lang='lat' dir='ltr'>interdum</span> <span class='ocrx_word' id='word_1_90' title='bbox 1163 1285 1214 1324; x_wconf 82' lang='lat' dir='ltr'>ad</span> <span class='ocrx_word' id='word_1_91' title='bbox 1252 1287 1383 1324; x_wconf 85' lang='lat' dir='ltr'>Amur</span> <span class='ocrx_word' id='word_1_92' title='bbox 1421 1299 1549 1339; x_wconf 84' lang='lat' dir='ltr'>usque</span> <span class='ocrx_word' id='word_1_93' title='bbox 1581 1285 1620 1324; x_wconf 86' lang='lat' dir='ltr'>fl.</span> <span class='ocrx_word' id='word_1_94' title='bbox 1654 1284 1853 1324; x_wconf 81' lang='lat' dir='ltr'>advolans</span> <span class='ocrx_word' id='word_1_95' title='bbox 1883 1292 2055 1331; x_wconf 80' lang='lat' dir='ltr'>aestate,</span> 
     </span>
     <span class='ocr_line' id='line_1_15' title="bbox 364 1358 2058 1415; baseline -0.002 -14"><span class='ocrx_word' id='word_1_96' title='bbox 364 1361 453 1402; x_wconf 85' lang='lat' dir='ltr'>imo</span> <span class='ocrx_word' id='word_1_97' title='bbox 489 1361 742 1415; x_wconf 83' lang='lat' dir='ltr'>quandoque</span> <span class='ocrx_word' id='word_1_98' title='bbox 773 1360 818 1400; x_wconf 90' lang='lat' dir='ltr'>in</span> <span class='ocrx_word' id='word_1_99' title='bbox 849 1359 1041 1400; x_wconf 73' lang='lat' dir='ltr'>districtu</span> <span class='ocrx_word' id='word_1_100' title='bbox 1082 1358 1402 1400; x_wconf 84' lang='lat' dir='ltr'>Nertschinensi</span> <span class='ocrx_word' id='word_1_101' title='bbox 1452 1370 1610 1415; x_wconf 82' lang='lat' dir='ltr'>captus.</span> <span class='ocrx_word' id='word_1_102' title='bbox 1683 1359 1818 1400; x_wconf 81' lang='lat' dir='ltr'>Pelles</span> <span class='ocrx_word' id='word_1_103' title='bbox 1848 1358 2002 1399; x_wconf 74' lang='lat' dir='ltr'>farctae</span> <span class='ocrx_word' id='word_1_104' title='bbox 2034 1372 2058 1398; x_wconf 85' lang='lat' dir='ltr'>a</span> 
     </span>
    </p>
   </div>
   <div class='ocr_carea' id='block_1_3' title="bbox 364 1435 1142 1491">
    <p class='ocr_par' dir='ltr' id='par_1_3' title="bbox 364 1435 1142 1491">
     <span class='ocr_line' id='line_1_16' title="bbox 364 1435 1142 1491; baseline -0.004 -14"><span class='ocrx_word' id='word_1_105' title='bbox 364 1435 607 1477; x_wconf 87' lang='lat' dir='ltr'>Sinensibus</span> <span class='ocrx_word' id='word_1_106' title='bbox 637 1435 859 1491; x_wconf 82' lang='lat' dir='ltr'>Kjachtarn</span> <span class='ocrx_word' id='word_1_107' title='bbox 888 1435 1142 1475; x_wconf 83' lang='lat' dir='ltr'>adferuntur.</span> 
     </span>
    </p>
   </div>
   <div class='ocr_carea' id='block_1_4' title="bbox 704 1559 1716 1603">
    <p class='ocr_par' dir='ltr' id='par_1_4' title="bbox 704 1559 1716 1603">
     <span class='ocr_line' id='line_1_17' title="bbox 704 1559 1716 1603; baseline -0.001 0"><span class='ocrx_word' id='word_1_108' title='bbox 704 1564 818 1603; x_wconf 76' lang='lat'><strong>231.</strong></span> <span class='ocrx_word' id='word_1_109' title='bbox 910 1559 944 1601; x_wconf 87' lang='lat' dir='ltr'>P</span> <span class='ocrx_word' id='word_1_110' title='bbox 969 1559 1011 1602; x_wconf 92' lang='lat' dir='ltr'>H</span> <span class='ocrx_word' id='word_1_111' title='bbox 1033 1560 1071 1602; x_wconf 84' lang='lat' dir='ltr'>A</span> <span class='ocrx_word' id='word_1_112' title='bbox 1093 1560 1119 1602; x_wconf 90' lang='lat' dir='ltr'>S</span> <span class='ocrx_word' id='word_1_113' title='bbox 1142 1561 1158 1602; x_wconf 88' lang='grc' dir='ltr'>Ι</span> <span class='ocrx_word' id='word_1_114' title='bbox 1180 1559 1219 1602; x_wconf 85' lang='grc' dir='ltr'><strong>Α</strong></span> <span class='ocrx_word' id='word_1_115' title='bbox 1242 1560 1389 1603; x_wconf 76' lang='lat' dir='ltr'>NUS</span> <span class='ocrx_word' id='word_1_116' title='bbox 1482 1560 1716 1603; x_wconf 70' lang='lat' dir='ltr'>auritus.</span> 
     </span>
    </p>
   </div>
   <div class='ocr_carea' id='block_1_5' title="bbox 362 1660 2056 2400">
    <p class='ocr_par' dir='ltr' id='par_1_5' title="bbox 367 1660 2056 1779">
     <span class='ocr_line' id='line_1_18' title="bbox 506 1660 2056 1720; baseline 0 -18"><span class='ocrx_word' id='word_1_117' title='bbox 506 1665 547 1702; x_wconf 90' lang='lat' dir='ltr'>P.</span> <span class='ocrx_word' id='word_1_118' title='bbox 580 1663 711 1704; x_wconf 81' lang='lat' dir='ltr'>cauda</span> <span class='ocrx_word' id='word_1_119' title='bbox 739 1662 974 1712; x_wconf 77' lang='lat' dir='ltr'>incurvata,</span> <span class='ocrx_word' id='word_1_120' title='bbox 1027 1678 1120 1703; x_wconf 79' lang='lat' dir='ltr'>area</span> <span class='ocrx_word' id='word_1_121' title='bbox 1152 1664 1368 1704; x_wconf 84' lang='lat' dir='ltr'>oculorum</span> <span class='ocrx_word' id='word_1_122' title='bbox 1397 1665 1532 1715; x_wconf 86' lang='lat' dir='ltr'>nuda,</span> <span class='ocrx_word' id='word_1_123' title='bbox 1587 1661 1741 1720; x_wconf 80' lang='lat' dir='ltr'>plumis</span> <span class='ocrx_word' id='word_1_124' title='bbox 1773 1660 1931 1703; x_wconf 77' lang='lat' dir='ltr'>aurium</span> <span class='ocrx_word' id='word_1_125' title='bbox 1962 1676 2056 1718; x_wconf 84' lang='lat' dir='ltr'>pro·</span> 
     </span>
     <span class='ocr_line' id='line_1_19' title="bbox 367 1738 515 1779; baseline 0.007 -1"><span class='ocrx_word' id='word_1_126' title='bbox 367 1738 515 1779; x_wconf 87' lang='lat' dir='ltr'>ductis.</span> 
     </span>
    </p>

    <p class='ocr_par' dir='ltr' id='par_1_6' title="bbox 362 1812 2056 2171">
     <span class='ocr_line' id='line_1_20' title="bbox 503 1812 2053 1868; baseline -0.001 -14"><span class='ocrx_word' id='word_1_127' title='bbox 503 1816 541 1854; x_wconf 90' lang='lat' dir='ltr'><strong>A</strong></span> <span class='ocrx_word' id='word_1_128' title='bbox 573 1814 814 1855; x_wconf 74' lang='lat' dir='ltr'>Sinensibus</span> <span class='ocrx_word' id='word_1_129' title='bbox 852 1813 963 1855; x_wconf 86' lang='lat' dir='ltr'>inter</span> <span class='ocrx_word' id='word_1_130' title='bbox 992 1812 1092 1854; x_wconf 78' lang='lat' dir='ltr'>alias</span> <span class='ocrx_word' id='word_1_131' title='bbox 1127 1813 1302 1855; x_wconf 83' lang='lat' dir='ltr'>rariores</span> <span class='ocrx_word' id='word_1_132' title='bbox 1332 1814 1472 1855; x_wconf 82' lang='lat' dir='ltr'>avium</span> <span class='ocrx_word' id='word_1_133' title='bbox 1502 1813 1696 1864; x_wconf 83' lang='lat' dir='ltr'>exuvias,</span> <span class='ocrx_word' id='word_1_134' title='bbox 1750 1813 1856 1854; x_wconf 90' lang='lat' dir='ltr'>haec</span> <span class='ocrx_word' id='word_1_135' title='bbox 1885 1827 2053 1868; x_wconf 76' lang='lat' dir='ltr'>quoque</span> 
     </span>
     <span class='ocr_line' id='line_1_21' title="bbox 365 1888 2055 1946; baseline -0.001 -16"><span class='ocrx_word' id='word_1_136' title='bbox 365 1888 563 1930; x_wconf 81' lang='lat' dir='ltr'>Phasiani</span> <span class='ocrx_word' id='word_1_137' title='bbox 596 1890 755 1946; x_wconf 82' lang='lat' dir='ltr'>species</span> <span class='ocrx_word' id='word_1_138' title='bbox 787 1891 925 1931; x_wconf 83' lang='lat' dir='ltr'>adlata</span> <span class='ocrx_word' id='word_1_139' title='bbox 956 1890 1056 1939; x_wconf 66' lang='lat' dir='ltr'>fuit,</span> <span class='ocrx_word' id='word_1_140' title='bbox 1101 1906 1224 1945; x_wconf 80' lang='lat' dir='ltr'>quam</span> <span class='ocrx_word' id='word_1_141' title='bbox 1257 1892 1307 1930; x_wconf 84' lang='lat' dir='ltr'>ad</span> <span class='ocrx_word' id='word_1_142' title='bbox 1337 1890 1611 1931; x_wconf 73' lang='lat' dir='ltr'>Academiam</span> <span class='ocrx_word' id='word_1_143' title='bbox 1643 1889 1797 1930; x_wconf 80' lang='lat' dir='ltr'>Scient.</span> <span class='ocrx_word' id='word_1_144' title='bbox 1858 1892 2055 1944; x_wconf 61' lang='lat' dir='ltr'>Peiropo-</span> 
     </span>
     <span class='ocr_line' id='line_1_22' title="bbox 365 1965 2056 2007; baseline -0.001 -2"><span class='ocrx_word' id='word_1_145' title='bbox 365 1965 538 2005; x_wconf 59' lang='lat' dir='ltr'>litanam</span> <span class='ocrx_word' id='word_1_146' title='bbox 572 1966 801 2006; x_wconf 80' lang='lat' dir='ltr'>transmisit</span> <span class='ocrx_word' id='word_1_147' title='bbox 836 1969 1117 2007; x_wconf 60' lang='lat' dir='ltr'>Excellentiss.</span> <span class='ocrx_word' id='word_1_148' title='bbox 1154 1977 1253 2005; x_wconf 83' lang='lat' dir='ltr'>tunc</span> <span class='ocrx_word' id='word_1_149' title='bbox 1291 1966 1511 2006; x_wconf 75' lang='lat' dir='ltr'>Ircutensis</span> <span class='ocrx_word' id='word_1_150' title='bbox 1552 1967 1813 2006; x_wconf 79' lang='lat' dir='ltr'>Gubernator</span> <span class='ocrx_word' id='word_1_151' title='bbox 1854 1966 1997 2005; x_wconf 81' lang='lat' dir='ltr'>Pranc.</span> <span class='ocrx_word' id='word_1_152' title='bbox 2028 1979 2056 2005; x_wconf 86' lang='lat' dir='ltr'><em>a</em></span> 
     </span>
     <span class='ocr_line' id='line_1_23' title="bbox 362 2038 2051 2096; baseline -0.001 -16"><span class='ocrx_word' id='word_1_153' title='bbox 362 2041 654 2081; x_wconf 71' lang='lat' dir='ltr'>Klitschka.</span> <span class='ocrx_word' id='word_1_154' title='bbox 714 2041 883 2096; x_wconf 76' lang='lat' dir='ltr'>Species</span> <span class='ocrx_word' id='word_1_155' title='bbox 912 2040 1124 2081; x_wconf 73' lang='lat' dir='ltr'>interioris</span> <span class='ocrx_word' id='word_1_156' title='bbox 1142 2040 1305 2081; x_wconf 80' lang='lat' dir='ltr'>Cliinae</span> <span class='ocrx_word' id='word_1_157' title='bbox 1328 2054 1527 2096; x_wconf 73' lang='lat' dir='ltr'>quantun]</span> <span class='ocrx_word' id='word_1_158' title='bbox 1559 2042 1671 2090; x_wconf 82' lang='lat' dir='ltr'>novi,</span> <span class='ocrx_word' id='word_1_159' title='bbox 1703 2058 1725 2081; x_wconf 87' lang='lat' dir='ltr'>a</span> <span class='ocrx_word' id='word_1_160' title='bbox 1754 2039 1923 2081; x_wconf 83' lang='lat' dir='ltr'>nemine</span> <span class='ocrx_word' id='word_1_161' title='bbox 1952 2038 2051 2080; x_wconf 85' lang='lat' dir='ltr'>huc·</span> 
     </span>
     <span class='ocr_line' id='line_1_24' title="bbox 364 2115 1079 2171; baseline 0.001 -15"><span class='ocrx_word' id='word_1_162' title='bbox 364 2129 494 2171; x_wconf 87' lang='lat' dir='ltr'>usque</span> <span class='ocrx_word' id='word_1_163' title='bbox 538 2115 912 2171; x_wconf 77' lang='lat' dir='ltr'>Ornithologorum</span> <span class='ocrx_word' id='word_1_164' title='bbox 954 2115 1079 2157; x_wconf 76' lang='lat' dir='ltr'>dicta.</span> 
     </span>
    </p>

    <p class='ocr_par' dir='ltr' id='par_1_7' title="bbox 367 2191 2051 2400">
     <span class='ocr_line' id='line_1_25' title="bbox 501 2191 2050 2248; baseline 0.001 -17"><span class='ocrx_word' id='word_1_165' title='bbox 501 2193 669 2234; x_wconf 79' lang='lat' dir='ltr'>Descr.</span> <span class='ocrx_word' id='word_1_166' title='bbox 712 2194 958 2247; x_wconf 59' lang='lat' dir='ltr'>Magnihudo</span> <span class='ocrx_word' id='word_1_167' title='bbox 1001 2192 1140 2233; x_wconf 80' lang='lat' dir='ltr'>media</span> <span class='ocrx_word' id='word_1_168' title='bbox 1180 2191 1290 2233; x_wconf 85' lang='lat' dir='ltr'>inter</span> <span class='ocrx_word' id='word_1_169' title='bbox 1331 2192 1583 2235; x_wconf 74' lang='lat' dir='ltr'>Phasianum</span> <span class='ocrx_word' id='word_1_170' title='bbox 1623 2206 1665 2235; x_wconf 86' lang='lat' dir='ltr'>et</span> <span class='ocrx_word' id='word_1_171' title='bbox 1705 2194 2050 2248; x_wconf 75' lang='lat' dir='ltr'>Gallopavonem.</span> 
     </span>
     <span class='ocr_line' id='line_1_26' title="bbox 367 2268 2050 2326; baseline 0 -19"><span class='ocrx_word' id='word_1_172' title='bbox 367 2268 556 2308; x_wconf 75' lang='lat' dir='ltr'>Rostrum</span> <span class='ocrx_word' id='word_1_173' title='bbox 575 2268 879 2321; x_wconf 78' lang='lat' dir='ltr'>majusculum,</span> <span class='ocrx_word' id='word_1_174' title='bbox 921 2269 1134 2316; x_wconf 82' lang='lat' dir='ltr'>obtusum,</span> <span class='ocrx_word' id='word_1_175' title='bbox 1171 2269 1312 2309; x_wconf 85' lang='lat' dir='ltr'>cornei</span> <span class='ocrx_word' id='word_1_176' title='bbox 1343 2270 1521 2316; x_wconf 84' lang='lat' dir='ltr'>coloris;</span> <span class='ocrx_word' id='word_1_177' title='bbox 1564 2274 1737 2312; x_wconf 64' lang='lat' dir='ltr'>maxilla</span> <span class='ocrx_word' id='word_1_178' title='bbox 1766 2276 1969 2326; x_wconf 73' lang='lat' dir='ltr'>superiore</span> <span class='ocrx_word' id='word_1_179' title='bbox 1999 2268 2050 2307; x_wconf 81' lang='lat' dir='ltr'>ab</span> 
     </span>
     <span class='ocr_line' id='line_1_27' title="bbox 368 2341 2051 2400; baseline 0.001 -19"><span class='ocrx_word' id='word_1_180' title='bbox 368 2341 457 2397; x_wconf 78' lang='lat' dir='ltr'>ipsa</span> <span class='ocrx_word' id='word_1_181' title='bbox 488 2343 577 2384; x_wconf 81' lang='lat' dir='ltr'>basi</span> <span class='ocrx_word' id='word_1_182' title='bbox 606 2344 714 2384; x_wconf 81' lang='lat' dir='ltr'>ultra</span> <span class='ocrx_word' id='word_1_183' title='bbox 744 2344 929 2384; x_wconf 82' lang='lat' dir='ltr'>medium</span> <span class='ocrx_word' id='word_1_184' title='bbox 962 2345 1046 2384; x_wconf 77' lang='lat' dir='ltr'>late</span> <span class='ocrx_word' id='word_1_185' title='bbox 1080 2344 1299 2394; x_wconf 69' lang='lat' dir='ltr'>fornicata,</span> <span class='ocrx_word' id='word_1_186' title='bbox 1333 2361 1544 2395; x_wconf 77' lang='lat' dir='ltr'>convexa;</span> <span class='ocrx_word' id='word_1_187' title='bbox 1581 2348 1744 2399; x_wconf 76' lang='lat' dir='ltr'>inferior</span> <span class='ocrx_word' id='word_1_188' title='bbox 1771 2345 1860 2386; x_wconf 67' lang='lat' dir='ltr'>basi</span> <span class='ocrx_word' id='word_1_189' title='bbox 1890 2345 2051 2400; x_wconf 86' lang='lat' dir='ltr'>plumu-</span> 
     </span>
    </p>
   </div>
   <div class='ocr_carea' id='block_1_6' title="bbox 369 2416 2053 2474">
    <p class='ocr_par' dir='ltr' id='par_1_8' title="bbox 369 2416 2053 2474">
     <span class='ocr_line' id='line_1_28' title="bbox 369 2416 2053 2474; baseline 0.001 -17"><span class='ocrx_word' id='word_1_190' title='bbox 369 2416 421 2458; x_wconf 86' lang='lat' dir='ltr'>lis</span> <span class='ocrx_word' id='word_1_191' title='bbox 453 2417 558 2458; x_wconf 85' lang='lat' dir='ltr'>albis</span> <span class='ocrx_word' id='word_1_192' title='bbox 599 2419 768 2460; x_wconf 82' lang='lat' dir='ltr'>arrectis</span> <span class='ocrx_word' id='word_1_193' title='bbox 805 2419 998 2473; x_wconf 76' lang='lat' dir='ltr'>utrinque</span> <span class='ocrx_word' id='word_1_194' title='bbox 1040 2420 1300 2460; x_wconf 67' lang='lat' dir='ltr'>subbarbara.</span> <span class='ocrx_word' id='word_1_195' title='bbox 1370 2422 1500 2462; x_wconf 76' lang='lat' dir='ltr'>Nares</span> <span class='ocrx_word' id='word_1_196' title='bbox 1538 2423 1691 2474; x_wconf 65' lang='lat' dir='ltr'>nudae,</span> <span class='ocrx_word' id='word_1_197' title='bbox 1743 2437 1836 2462; x_wconf 82' lang='lat' dir='ltr'>cera</span> <span class='ocrx_word' id='word_1_198' title='bbox 1866 2419 2053 2461; x_wconf 77' lang='lat' dir='ltr'>obsoleta</span> 
     </span>
    </p>
   </div>
  </div>
 </body>
</html>
