2175 2931
363 210 418 262 58
1120 210 1268 227 ·“““·““

362 312 570 358 Jeniseam
614 306 850 371 Septembri
886 327 1000 365 1772.
1029 308 1073 350 in
1104 309 1291 350 medium
1320 309 1456 350 forum
1499 308 1699 350 advolans
1728 309 1917 352 manibus
1949 324 2045 367 cap-

362 403 429 434 tus
458 403 503 432 et
532 390 650 432 vivus
679 392 827 431 adme
859 387 1019 428 delatus
1049 386 1127 426 fuit
1157 386 1401 441 Urogallus,
1465 385 1533 426 cui
1561 385 1762 426 insertum
1794 385 2046 427 thermome-

362 479 471 509 trum
503 465 712 522 sanguinis
742 466 924 506 calorem
953 461 1159 503 indicavit
1195 474 1298 514 1070.
1355 461 1788 503 Farenheitianorum.
1857 462 2045 502 Jeniseae

362 544 527 585 accolae
557 554 702 591 noem,
736 543 787 582 ad
819 540 1010 580 accensas
1041 540 1169 588 faceS,
1200 538 1244 578 in
1274 538 1402 594 sylvis
1424 536 1548 593 ‘quasi
1582 538 1792 579 adtonitos
1826 538 2046 592 Urogallos

358 619 532 660 fustibus
562 619 753 659 caedunt.
814 615 975 658 Ostiaci
1012 616 1064 655 ad
1080 616 1221 656 Obum
1252 626 1379 655 noctu
1408 614 1512 654 retia
1542 613 1767 670 piscatoria
1797 630 1868 654 sua
1897 613 1942 653 in
1967 614 2044 668 syl-

360 711 410 736 va
443 697 492 736 ad
526 713 545 735 2
580 709 799 750 orgyarum
831 709 853 732 a
882 703 992 732 terra
1036 690 1302 731 altitudinem
1345 691 1622 746 suspendunt,
1665 689 1709 730 in
1739 705 1843 745 quae
1873 689 2046 746 plurimi

356 770 565 817 involant,
595 782 637 810 et
668 770 726 810 sic
758 768 926 824 copiose
959 767 1198 823 capiuntur,
1231 766 1434 806 vilissimo
1450 765 1511 806 ibi
1530 765 1666 821 pretio
1697 767 1878 807 venales.
1936 768 2044 806 Gen-

355 846 451 886 tiles
478 846 655 886 Sibiriae
685 846 821 886 solent
846 844 994 894 etiam,
1027 844 1078 883 ad
1095 842 1320 898 capiendos
1350 842 1589 897 Urogallos,
1621 841 1730 896 ripas
1759 843 1942 896 sylvosas
1973 843 2044 881 ssu-

354 921 517 962 viorum
547 922 712 963 bacillis
753 920 908 961 humili
939 919 1173 975 sepimento
1204 919 1426 968 claudunt,
1483 916 1636 973 passim
1671 917 1821 958 relicto
1851 917 2042 967 transitu,

351 997 424 1037 ubi
458 998 629 1053 laqueos
661 1008 865 1046 statuunt,
901 1011 984 1050 quo
1015 994 1189 1051 plurimi
1219 993 1468 1034 intricantur
1497 1005 1539 1034 et
1567 994 1871 1048 strangulantur
1899 993 2043 1034 transi-

351 1072 435 1113 turi
466 1074 517 1113 ad
547 1073 702 1128 ripam,
748 1073 821 1113 ubi
852 1073 1033 1127 glaream
1077 1071 1219 1125 legant
1246 1084 1321 1124 pro
1364 1069 1629 1109 trituratione
1673 1068 1881 1117 ciborum,
1928 1069 2043 1124 quod

352 1164 513 1188 summo
554 1164 667 1188 mare
711 1150 846 1189 facere
889 1157 1206 1187 consueverunt.
1278 1145 1458 1185 Maximi
1502 1145 1554 1184 ad
1593 1143 1801 1185 Jeniseam
1853 1144 2044 1201 Urogalli

353 1235 553 1265 vocantur
581 1226 729 1280 Kopai.

490 1300 604 1339 Not.
642 1318 673 1340 1.
705 1301 869 1340 Pondus
896 1297 1121 1351 majoribus
1153 1296 1365 1351 Urogallis
1385 1299 1437 1336 X.
1455 1297 1504 1336 ad
1522 1299 1596 1336 XI.
1612 1295 1826 1346 librarum,
1859 1295 2043 1338 foemina

359 1373 509 1415 minor.
568 1377 771 1416 Rectrz'ces
802 1392 864 1415 20.
893 1373 1100 1414 foeminae
1137 1379 1196 1413 ιδ.
1255 1374 1442 1426 Remiges
1472 1378 1536 1413 30.
1596 1372 1809 1412 Iuniorum
1838 1373 1966 1421 color,
1998 1386 2042 1415 ut

357 1449 567 1491 foeminis.
642 1452 784 1504 Cystis
813 1449 1038 1505 conspicua
1066 1447 1194 1488 nulla.
1251 1449 1490 1489 Intestinum
1518 1449 1792 1503 octopedale3
1835 1465 1956 1490 coeca
1986 1455 2037 1501 45

350 1525 577 1581 pollicum,
607 1526 805 1567 undecim
834 1526 937 1582 poll.
969 1523 1167 1565 distantia
1198 1526 1248 1565 ab
1280 1541 1376 1574 ano,
1407 1523 1579 1564 seorsim
1610 1523 1653 1564 in
1683 1540 1804 1579 gyros
1835 1537 2038 1575 contorta,

353 1601 465 1642 striis
508 1614 668 1658 septem
710 1601 1107 1657 longitudinalibUS,
1151 1601 1301 1655 quibus
1345 1600 1455 1640 intus
1497 1601 1750 1655 respondent
1778 1605 1911 1657 plicae
1939 1601 2036 1643 toti-

353 1677 449 1717 dem
488 1677 682 1728 villosae,
741 1679 983 1734 productae.
1061 1679 1298 1718 Trachea
1340 1676 1445 1716 mari
1472 1675 1517 1715 in
1559 1675 1651 1716 sinu
1680 1676 1810 1717 sterni
1839 1679 2035 1719 flexuosa.

350 1753 536 1798 Plumae,
566 1765 611 1794 ut
638 1753 683 1793 in
713 1754 924 1803 affinibus,
956 1752 1224 1809 duplicatae;
1257 1754 1331 1794 sub
1361 1752 1524 1807 singula
1548 1766 1699 1807 nempe
1729 1753 1872 1808 pluma
1902 1765 2036 1794 exter-

350 1843 402 1868 na
432 1829 637 1879 colorata,
683 1845 735 1870 ex
766 1831 917 1870 eodem
958 1844 1083 1885 scapo
1111 1829 1253 1885 prodit
1287 1828 1475 1884 plumula
1506 1825 1684 1867 dimidio
1713 1827 1902 1879 brevior,
1947 1841 2035 1870 tota

350 1902 588 1958 lanugiosa,
620 1906 760 1946 colore
792 1917 834 1945 et
863 1916 1028 1944 textura
1055 1903 1266 1959 lanuginis
1296 1902 1463 1957 majoris
1492 1903 1673 1958 plumae.
1734 1903 1916 1944 Musculi
1946 1919 2035 1946 ver-

351 1979 565 2020 misormes
599 1996 703 2036 quae
732 1980 776 2020 in
807 1995 917 2019 mare
946 1979 1158 2036 pruriente
1189 1980 1376 2034 linguam
1391 1991 1434 2019 et
1448 1980 1667 2034 laryngem
1695 1979 1819 2035 plane
1834 1979 1878 2020 in
1895 1981 2031 2022 fauces

349 2055 584 2108 retrahunt,
630 2067 673 2097 et
701 2057 838 2097 denuo
867 2057 1070 2106 educunt,
1101 2071 1194 2097 cum
1224 2068 1426 2098 structura
1455 2053 1665 2110 glottidis,
1704 2066 1849 2096 notatu
1877 2055 2031 2111 dignis-

350 2130 458 2172 simi.

488 2235 537 2241 -—
571 2226 607 2249 2.
635 2210 1107 2251 Messerschmidius
1136 2214 1329 2252 minorem
1357 2211 1563 2251 statuebat
1591 2213 1828 2251 varietatem
1857 2209 2029 2264 Urogal-

351 2281 404 2330 li,
445 2289 557 2340 cujus
587 2286 816 2326 foeminam
848 2285 1071 2326 describit:
1104 2295 1126 2328 6
1158 2288 1209 2326 ad
1238 2305 1261 2339 7
1293 2287 1492 2327 librarum
1533 2287 1740 2342 pondere,
1782 2284 2027 2326 rectricibus

357 2365 417 2398 18.
446 2360 574 2414 nigris
606 2377 689 2402 non
718 2361 925 2409 fasciatis,
968 2377 1141 2417 quarum
1171 2368 1208 2402 8.
1240 2362 1403 2402 mediae
1445 2362 1563 2418 apice
1595 2363 1736 2412 albae,
1781 2376 1925 2402 omnes
1955 2374 2024 2400 ex-

350 2442 416 2474 tus
444 2434 679 2491 ferrugineo
708 2438 922 2478 irroratae.
963 2438 1239 2482 Subcaudates
1253 2437 1416 2494 nigrae,
1456 2437 1574 2493 apice
1592 2437 1699 2480 albo.
1744 2436 1940 2492 Remiges
1963 2442 2021 2477 18.
